2970 5190
750 500 823 576 lou
1190 508 1198 548 ⁸

260 648 398 736 Quanto
412 650 541 725 rectius
556 647 789 747 Chrysippus,
807 648 940 747 inquit,
957 662 993 727 et
1006 653 1165 728 Socrates
1192 654 1251 728 iile
1268 656 1330 752 qui

260 783 414 873 acceptae
432 775 555 881 cioutae
569 783 704 871 partem
722 776 917 849 accusatori
928 776 1039 851 nollet
1053 777 1162 852 dure!

803 951 910 1022 Quippe
923 951 1021 1008 minuti

365 1045 478 1113 Semper
490 1046 518 1099 et
530 1041 629 1098 infirmi
641 1048 684 1099 est
696 1042 779 1099 animi
792 1043 937 1113 exiguique
950 1044 1077 1115 voluptas

366 1138 447 1196 Ultio.
463 1139 600 1195 contiuuo
614 1139 654 1195 sic
668 1139 781 1211 collige,
796 1140 869 1210 quod
884 1141 1004 1198 vindicta

367 1234 453 1292 Nemo
466 1233 554 1305 tnagis
567 1234 669 1304 gaudet
681 1249 762 1305 quam
775 1234 875 1292 femina
889 1235 905 1293 ¹.

309 1385 411 1472 Quod
428 1386 458 1460 si
475 1385 554 1485 quis
569 1387 655 1459 sorte
670 1386 758 1459 mihi
775 1387 898 1461 dixerit
915 1388 991 1462 haec
1009 1412 1027 1463 e
1042 1389 1239 1488 platonico,
1255 1415 1330 1467 non

261 1510 379 1585 minus
398 1531 503 1606 quem
522 1531 541 1582 e
559 1509 667 1582 stoico
685 1510 779 1583 fonte
796 1532 940 1584 manare
957 1510 1128 1609 potuisse,
1147 1513 1330 1611 objectum

259 1657 329 1710 non
359 1634 512 1721 diluere,
537 1632 597 1706 sed
616 1632 748 1707 elevare
770 1633 898 1723 enitar,
917 1636 1146 1710 memorando
1172 1638 1329 1735 platoni-

260 1783 319 1835 oos
349 1781 463 1848 raros,
497 1781 541 1832 ne
573 1757 689 1832 dicam
723 1757 856 1848 nullos,
890 1759 1017 1835 stoicos
1048 1771 1165 1836 etitem
1195 1764 1330 1838 multos

260 1880 401 1970 Romae,
418 1877 595 1953 iuvenalis
621 1888 799 1975 tempore,
826 1878 1007 1969 floruisse;
1033 1880 1181 1978 ideoque
1207 1885 1331 1958 verisi-

138 2076 142 2087 ,
260 2008 379 2082 milius
398 2016 558 2082 nostrum
575 2018 714 2103 poetam
729 2029 748 2079 1
763 2005 882 2080 stoicis
898 2030 1005 2103 quam
1024 2031 1042 2081 a
1061 2007 1246 2106 platonicis
1264 2037 1329 2109 ge-

261 2155 405 2207 nerosos
423 2132 488 2205 hos
504 2153 628 2204 sensns
643 2129 891 2227 desumpsisse.

309 2255 420 2329 Satira
439 2277 517 2351 quae
534 2253 578 2326 de
595 2254 751 2351 exemplo
768 2252 991 2343 inscribitur,
1010 2254 1169 2351 quaedam
1189 2281 1332 2355 quoque

262 2374 436 2464 eontinet,
455 2396 532 2470 qnae
552 2382 674 2447 utrum
693 2372 914 2463 academica,
939 2395 981 2446 111
1001 2373 1109 2448 stoica
1130 2375 1216 2467 sint,
1237 2378 1330 2452 diffi-

260 2499 326 2573 cile
341 2508 393 2572 est
410 2496 618 2594 dijudicare,
638 2508 671 2570 et
686 2496 846 2592 quaedam
866 2518 944 2592 quae
966 2495 1054 2569 mihi
1070 2496 1234 2575 uidentur
1251 2523 1329 2574 om-

253 2622 344 2698 nino
363 2620 482 2694 stoica.
509 2619 640 2693 Prioris
670 2619 807 2715 generis
836 2629 920 2692 sunt
948 2619 1185 2694 delicatissimi
1204 2623 1328 2721 etjam

259 2745 489 2844 vulgatissimi
512 2768 631 2819 uersus
650 2745 778 2842 quibus
801 2743 991 2819 christiano
1013 2769 1123 2844 prope
1141 2748 1246 2823 modo
1268 2772 1329 2824 os·

260 2867 372 2942 tendit
389 2877 489 2965 poeta
512 2875 641 2962 quantu
664 2875 792 2938 tenerae
813 2865 904 2939 aetati
923 2867 1114 2941 reverentia
1128 2856 1329 2962 debeatur,

260 2999 294 3064 et
311 3013 418 3087 quam
433 2988 562 3063 multas
575 3010 766 3086 puerorum
780 2987 952 3062 institutio
967 2989 1095 3062 habeat
1110 2991 1289 3067 cautiones
1301 2991 1335 3067 ἢ

311 3110 394 3196 Quae
413 3110 578 3184 deservis
597 3110 720 3183 eodem
738 3109 773 3183 in
791 3110 869 3184 looo
888 3110 1028 3208 scripsit
1041 3135 1119 3186 vere
1138 3123 1172 3187 et
1189 3115 1332 3213 proprie

262 3234 370 3310 stoica
388 3256 462 3308 esse
480 3233 558 3308 idco
578 3234 842 3324 affirmaverim,
861 3235 956 3331 quod
973 3235 1065 3334 apud
1083 3247 1213 3311 veteres
1232 3221 1331 3312 1111111

143 3364 158 3457 J
262 3359 341 3458 luit,
371 3367 496 3455 preater
525 3351 723 3454 porticum,
752 3356 1042 3455 philosophorum
1072 3358 1220 3448 familia,
1251 3383 1332 3458 quae

263 3481 424 3554 homines
443 3479 568 3553 misera
595 3479 758 3552 servituto
779 3501 963 3576 oppressos
982 3479 1101 3554 liberis
1124 3481 1331 3558 hominibus

263 3601 388 3675 dixerit
402 3623 522 3697 pareS,
541 3621 669 3695 eosque
688 3599 836 3673 excitare
852 3610 886 3671 et
903 3598 1035 3695 erigere
1050 3610 1171 3674 conata
1190 3601 1329 3676 luerit3.

263 3720 453 3798 dumalias
483 3721 612 3796 nobilia
643 3721 783 3795 Senecae
809 3722 912 3796 verbe
943 3722 1171 3820 protulimus,
1201 3724 1332 3820 quibus

306 3951 313 3977 ¹
326 3953 385 4008 Juv.
399 3953 472 4023 Sat,
487 3951 538 4019 ΙΙΙ,
550 3965 575 4007 v.
590 3954 651 4006 498.

306 4040 386 4099 ’iun
401 4045 473 4115 Sat,
485 4043 551 4112 xiv,
566 4057 590 4100 1.
608 4046 651 4098 tt.

305 4133 420 4208 ’Junet,
442 4139 515 4192 Hist.
536 4135 571 4191 de
590 4133 624 4192 lo
635 4133 738 4206 pitius.
752 4149 825 4190 mor.
841 4133 972 4206 etpotit„
989 4135 1126 4205 possim.,·
1143 4131 1242 4204 lienis,
1256 4135 1328 4189 Htst

268 4231 318 4287 des
331 4229 419 4286 tueor.
434 4239 463 4287 et
474 4231 523 4287 des
535 4229 612 4286 ideas
626 4246 710 4302 mor„
720 4232 843 4302 passim.

202 4770 412 4888 A
