2970 5190
703 545 774 618 133

256 685 378 762 Medea
395 687 460 761 ista
483 710 578 784 quae,
598 712 709 785 quum
735 690 866 766 scelere
884 691 997 766 scelus
1014 692 1087 788 jam
1107 692 1268 767 cumula-

205 806 328 897 visset‚
343 807 529 882 novissime
546 830 628 882 suos
652 810 762 909 ipsius
788 811 974 885 trucidavit
996 822 1112 900 natos,
1130 810 1269 907 Tynda-

206 926 293 1000 ridae
311 948 382 1001 non
400 928 578 1017 concedit,
603 939 637 1003 et
658 930 700 1004 de
718 931 862 1027 justitiae
879 942 913 1005 et
930 930 1152 1026 benignitatis
1168 929 1271 1004 lande

208 1048 320 1122 multa
333 1070 530 1145 magnaque
547 1048 733 1146 praedicat:
893 1046 896 1053 ’

351 1207 403 1275 Qui
415 1205 512 1262 statuit
524 1207 628 1278 aliquid
643 1211 719 1278 parte
732 1208 855 1267 inaudita
867 1211 972 1282 altera,

350 1301 468 1370 AEquum
483 1300 549 1357 licet
561 1301 702 1368 statuerit,
716 1301 788 1358 baud
802 1315 899 1372 aequus
911 1302 964 1359 luit
979 1303 996 1359 ¹.

399 1437 406 1450 .
445 1440 451 1453 .
490 1437 497 1452 .
537 1436 544 1450 .
584 1437 590 1450 .
702 1398 970 1468 flocrcgesbabeut

349 1489 524 1561 Magnificum
538 1495 566 1547 et
578 1490 689 1562 ingens,
705 1490 780 1547 nulla
796 1491 870 1561 quod
883 1493 972 1563 rapiat
984 1491 1057 1563 dies,

349 1585 485 1642 Prodesse
498 1586 621 1657 miseris,
639 1587 779 1658 supplices
792 1587 846 1644 lldo
859 1588 916 1644 lare

250 1739 253 1742 a
350 1678 528 1752 Protegcrc².

211 1869 213 1874 ,
259 1815 336 1912 Ipsa
354 1814 511 1889 Phaedrae
531 1815 666 1905 nutrix,
685 1838 777 1913 quae,
796 1815 947 1890 dominae
964 1814 1101 1890 libidini
1121 1817 1272 1914 turpiter

210 1961 347 2013 morem
367 1960 511 2034 gerens,
536 1938 764 2036 Hippolytum
788 1938 1066 2035 corruptelarum
1096 1937 1271 2045 illecebris

209 2059 345 2133 irretire
363 2067 486 2132 conata
502 2070 569 2148 est,
587 2081 758 2154 eumque,
778 2059 853 2132 salsi
876 2060 1033 2134 criminis
1048 2070 1271 2147 accusatum,

208 2207 290 2258 rnox
304 2185 340 2287 in
358 2184 500 2259 exitium
516 2186 635 2273 traxit,
655 2208 737 2260 cum
752 2184 870 2288 regina
896 2185 953 2258 illa
979 2185 1022 2261 de
1049 2186 1272 2261 conscientiae

207 2307 360 2382 stimulis
376 2328 574 2382 sermonem
593 2307 716 2396 habet,
732 2331 842 2405 quurn
869 2289 912 2383 ab
936 2310 1032 2383 omni
1051 2310 1188 2384 nutrice
1205 2310 1273 2383 mi·

206 2449 304 2515 rum,
323 2439 399 2500 turn
417 2426 460 2500 ab
478 2448 517 2500 ea
536 2428 685 2501 maxime
702 2451 809 2524 quam
827 2429 870 2503 ab
888 2429 952 2503 ista
970 2430 1120 2526 pessima
1140 2429 1264 2525 agendi

132 2620 135 2645 ,
207 2547 342 2621 ratione
360 2546 455 2622 nulla
470 2547 632 2644 prohibet
650 2548 790 2645 religio:

314 2702 386 2772 Quid
398 2716 480 2778 poena
493 2717 629 2775 praesens,
643 2703 821 2761 conscientiae
832 2704 933 2760 mentis
946 2717 1045 2776 pavor,

314 2796 482 2868 Auimusque
495 2797 575 2869 culpa
589 2799 701 2870 plenus,
716 2804 744 2856 et
759 2803 848 2877 seruet
859 2797 977 2855 timens?

315 2892 412 2950 Scelus
423 2895 515 2966 aliqua
529 2900 632 2967 tutum,
646 2896 723 2953 uulla
736 2910 864 2953 securum
877 2897 941 2953 tulit
951 2894 968 2953 ³.

256 3025 366 3101 Paule
382 3027 500 3103 minus
522 3025 652 3100 absone
675 3025 831 3116 Chorus,
848 3025 934 3101 dnm
952 3049 990 3100 ea
1017 3025 1112 3100 canit
1137 3023 1265 3122 quibus

206 3150 383 3247 Hispanus
398 3159 497 3246 poeta
511 3148 725 3239 Americarn,
743 3160 839 3223 tanto
857 3160 968 3247 posta
984 3150 1056 3224 suis
1071 3149 1268 3236 inventam,

207 3275 306 3372 quasi
321 3274 532 3372 praenuntiat
546 3284 581 3347 et
596 3273 825 3347 vaticinatur:

353 3471 584 3489 ......
601 3424 719 3489 Venient
731 3430 811 3487 annis

351 3526 458 3584 Saecula
472 3525 556 3596 seris,
571 3525 672 3596 quibus
685 3527 812 3583 Oceanus

350 3621 466 3682 Vincula
481 3635 573 3679 rerum
587 3624 675 3692 laxet,
689 3627 717 3678 et
730 3622 830 3692 ingens

350 3695 448 3772 Pateat
458 3714 555 3786 tellus,
571 3715 727 3787 Tiphysque
744 3728 830 3771 novos

329 3860 332 3866 .
350 3814 466 3884 Detcgat
477 3813 570 3884 urbes3
585 3827 636 3870 nec
648 3814 685 3870 sit
698 3813 779 3871 terris
792 3813 887 3870 ultima
900 3812 986 3870 Thule
994 3811 1017 3868 ⁴.

243 4021 253 4060 ¹
268 4019 353 4094 Med„
367 4035 392 4079 v.
406 4026 468 4079 499.

244 4104 255 4143 ²
268 4104 353 4174 Med„
366 4120 392 4162 v.
406 4110 469 4166 222.

246 4188 367 4260 ³rupp.,
380 4200 406 4245 v.
423 4192 484 4246 rar.

242 4271 256 4308 ⁴
271 4272 357 4344 Mea,
370 4285 395 4330 v.
411 4275 473 4333 374.
