2970 5190
646 530 759 615 ,l9

308 681 432 735 Humana
445 682 508 734 ante
522 679 620 736 oculos
633 693 695 735 cum
708 678 781 734 foede
793 679 848 735 vita
859 680 966 748 jaceret

307 776 338 830 ln
353 775 448 844 terris,
462 787 595 845 oppressa
608 774 684 844 gravi
696 773 748 831 sub
761 774 919 844 relligione,

308 868 374 934 Quae
389 870 472 937 caput
485 880 499 921 e
514 865 578 922 coeli
593 865 752 936 regionibus
767 866 931 923 ostendebat

308 962 438 1019 Horribill
452 976 536 1033 super
548 966 664 1033 aspectu
676 960 839 1030 mortalibus
854 963 963 1018 instans
973 961 999 1033 ¹,

250 1255 397 1343 >Homini
415 1280 455 1333 eo
473 1269 631 1357 tempore
648 1258 792 1348 viventi,
811 1281 881 1356 quo
909 1261 997 1334 ratio
1023 1259 1193 1356 plurimas
1212 1260 1267 1334 di-

202 1379 337 1476 judicat
354 1404 426 1471 res,
445 1380 555 1456 serius
574 1382 672 1456 ocius
694 1382 760 1455 erit
777 1382 1037 1456 decernendum
1057 1408 1133 1481 quae
1151 1385 1268 1483 philo-

206 1501 328 1598 sophia
358 1501 515 1578 videatur
542 1503 734 1577 verissima.
763 1503 810 1576 Ut
839 1505 1016 1601 quondam
1039 1505 1161 1580 suisset
1185 1507 1270 1581 reli·
1312 1527 1315 1538 ·

206 1620 381 1716 gioni,sic
392 1631 468 1695 tum
480 1622 770 1720 philosophorum
782 1623 921 1698 tardiliae
931 1624 996 1698 erit
1007 1625 1268 1700 adscribendus.

205 1742 281 1826 Qua
312 1742 496 1841 disciplina
525 1745 634 1820 semel
661 1756 822 1843 accepta,
850 1755 904 1836 ul,
930 1768 1002 1820 non
1028 1747 1143 1820 solum
1166 1747 1271 1820 vitam

205 1886 325 1953 suam,
341 1863 402 1937 sed
421 1863 525 1938 etiam
544 1864 689 1938 civitatis
702 1888 819 1939 mores
835 1865 878 1939 ad
893 1866 984 1940 hanc
1000 1867 1099 1970 quasi
1111 1889 1272 1941 normam

207 1987 355 2083 dirigere
374 1998 539 2078 conetur,
559 1989 736 2085 quomodo
754 1988 899 2087 poterit,
919 1988 947 2061 si
967 1988 1050 2085 quid
1069 1988 1222 2064 scribere
1240 2000 1274 2063 et

208 2135 419 2211 componere
437 2113 599 2203 tentabit,
618 2113 800 2210 opiniones
813 2135 899 2210 quas
912 2112 1107 2186 verissimas
1125 2112 1274 2186 arbitra-

206 2237 323 2325 bitur,
353 2259 547 2333 sensusque
579 2259 666 2333 quos
698 2236 841 2311 habebit
872 2236 1071 2311 carissimos
1103 2224 1176 2310 alta
1205 2236 1272 2310 suh

206 2367 324 2432 mente
341 2358 508 2449 retinere,
524 2369 557 2433 et
569 2383 655 2434 vana
674 2361 716 2434 de
731 2360 815 2449 diis,
835 2381 933 2435 more
946 2360 1057 2457 vulgi,
1071 2359 1272 2444 nauseando

207 2478 367 2554 effutire?
401 2480 502 2564 erod
529 2480 558 2554 si
587 2482 732 2572 faceret,
760 2483 999 2579 pretiosiorem
1028 2483 1094 2558 sibi
1123 2494 1275 2558 servaret

207 2600 261 2674 sui
279 2610 431 2696 partem,
448 2600 677 2698 vilioremque
694 2603 731 2675 in
754 2603 911 2677 medium
929 2603 1108 2698 proferret.
1134 2603 1273 2699 ltaque,

207 2725 342 2823 quoties
360 2725 621 2822 philosophica,
640 2737 680 2800 nt
694 2726 740 2799 ita
764 2726 899 2817 dicam,
913 2737 995 2800 aetas
1020 2726 1202 2815 inciderit,
1221 2737 1273 2800 to·

206 2848 270 2922 ties
283 2858 402 2946 poeta,
420 2847 565 2923 simodo
583 2848 884 2924 nobilissimarum
897 2849 1006 2922 aetatis
1019 2870 1091 2922 suae
1106 2870 1273 2922 curarum

206 2971 310 3045 suerit
336 2969 528 3068 particeps,
556 2970 886 3068 philosophiamque
912 2971 1065 3068 aliquam
1093 2970 1273 3068 amplexus

208 3093 333 3182 luerit,
360 3092 518 3167 versibus
549 3092 792 3190 philosophica
824 3104 970 3191 exponet
996 3104 1188 3192 praecepta3
1219 3094 1274 3167 sin
1354 3099 1356 3104 ’
1418 3173 1425 3183 ,

208 3214 325 3303 aliter,
344 3215 461 3289 animo
479 3215 565 3289 dum
584 3215 833 3307 reluctabitur,
853 3216 985 3313 ingenii
1000 3216 1054 3291 sui
1074 3217 1173 3314 quasi
1191 3240 1273 3291 ner-

206 3355 266 3406 vos
285 3333 399 3408 elidet.
988 3367 990 3371 ·
1183 3400 1186 3407 .

255 3458 307 3533 Ne
325 3460 403 3556 quis
421 3460 508 3533 sorte
525 3459 592 3534 sibi
611 3459 817 3557 cogitatione
834 3460 974 3556 effingat
992 3482 1010 3534 3
1026 3482 1084 3534 me
1101 3461 1276 3558 angustio-

206 3580 303 3655 ribus
327 3583 485 3655 terminis
509 3595 628 3680 poetas
649 3582 915 3672 circumscribi,
940 3582 1059 3679 eisque
1081 3582 1117 3657 id
1141 3583 1275 3681 imponi

207 3726 357 3794 munus,
387 3715 424 3777 ut
449 3704 677 3801 prohibeant,
701 3727 839 3801 semper
866 3704 907 3779 de
936 3706 1050 3779 sutura
1079 3703 1276 3802 loquenda,

210 3823 400 3919 quominus
428 3823 471 3897 de
495 3834 664 3921 praesente
690 3823 756 3896 vita
778 3824 957 3914 fruamur,
983 3824 1099 3898 dicam
1125 3823 1161 3897 id
1183 3823 1277 3920 quod

209 3968 265 4020 res
282 3946 389 4022 habet
406 3957 440 4020 et
456 3947 551 4044 quod
568 3946 690 4022 sentio.
713 3945 827 4049 Homo
845 3946 895 4021 sic
913 3969 933 4019 a
950 3959 1076 4022 natura
1094 3945 1159 4020 suit
1175 3967 1277 4020 cons-

248 4269 256 4306 ¹
270 4270 377 4328 lucret.
392 4273 433 4326 De
446 4275 508 4328 nat.
524 4283 592 4342 ren,
605 4268 624 4326 l.
639 4271 663 4340 l,
674 4283 699 4327 r.
715 4275 758 4328 63⁴
