2970 5190
711 544 756 618 83

277 736 281 744 .
306 737 311 748 .
335 735 341 747 .
360 692 431 761 Quid
444 692 481 747 sit
493 691 652 762 pulchrum,
667 693 730 762 quid
745 699 841 762 turpe,
855 692 920 761 quid
935 691 1015 761 utile,
1032 691 1098 761 quid
1110 692 1180 762 non,

275 785 387 841 Planius
400 798 433 839 ac
445 782 545 839 melius
558 783 708 853 Chrysippo
724 787 752 838 et
764 785 895 839 Crantore
910 782 985 838 dicit.

254 963 445 1053 Caeterum,
464 963 553 1037 mihi
572 944 795 1037 Lucilianum
813 962 910 1036 huno
926 983 1065 1036 versum
1082 960 1233 1059 legenti:

278 1165 373 1224 Virtus
387 1169 430 1221 est
442 1163 560 1234 homini,
575 1164 646 1220 seire
663 1163 703 1234 id,
716 1162 790 1233 quod
803 1176 918 1233 quaeque
929 1163 1029 1220 habeat
1040 1176 1098 1235 res,

208 1345 377 1421 continuo
401 1346 519 1421 omnia
538 1347 682 1421 veniunt
698 1346 735 1421 in
760 1357 933 1437 mentem,
951 1368 1030 1444 quae
1046 1368 1109 1445 pro
1127 1345 1272 1421 seientia

206 1478 241 1542 et
256 1477 378 1574 eontra
393 1469 595 1566 opinionem
614 1469 715 1544 stoici
731 1469 905 1560 dixerunt,
927 1481 963 1543 et
986 1469 1180 1569 praesertim
1198 1470 1273 1544 haec

206 1589 333 1664 eximia
360 1591 501 1667 Senecae
527 1592 649 1667 verba:
677 1592 806 1677 «Quod
832 1591 926 1666 vides
952 1593 1110 1667 aooidere
1137 1592 1275 1689 pueris,

207 1714 276 1788 hoo
302 1714 403 1789 nobis
431 1738 570 1812 quoque
595 1716 799 1814 majusculis
817 1717 935 1815 pueris
953 1718 1094 1810 evenit,
1110 1718 1160 1791 illi
1187 1740 1275 1816 quos

206 1846 343 1926 amant,
372 1837 500 1933 quibus
532 1851 773 1929 assueverunt,
807 1862 889 1913 cum
919 1839 1047 1937 quihus
1075 1838 1218 1929 ludunt,
1245 1839 1276 1914 si

207 1970 412 2054 personatos
437 1958 570 2048 vident,
599 1971 849 2056 expavescunt:
877 1980 949 2033 non
974 1958 1177 2034 hominibus
1196 1969 1275 2032 tan-

209 2087 306 2165 tum,
325 2075 385 2150 sed
403 2087 438 2150 et
461 2077 566 2151 rebus
584 2099 733 2174 persona
756 2077 927 2153 demenda
946 2090 1020 2168 est,
1041 2090 1075 2154 et
1099 2076 1277 2153 reddenda

209 2199 315 2272 saoies
334 2201 466 2272 suat»

259 2321 328 2397 Sed
343 2321 523 2397 videamus
540 2323 691 2420 reliqua:

266 2531 374 2604 Virtus,
389 2533 542 2604 quaerenda
556 2535 596 2591 rei
608 2535 690 2591 tinem
704 2535 776 2591 seire
788 2533 968 2605 modumque:

265 2723 378 2779 Hostem
392 2737 456 2780 esse
470 2729 551 2794 atque
566 2725 858 2782 inimiourn'horninurn
873 2737 1033 2796 morumque
1047 2726 1194 2797 malorum

265 2817 367 2872 Contra
380 2815 552 2873 defensorem
567 2817 708 2874 hominum
720 2831 880 2888 morumque
892 2817 1042 2889 bonorum,

265 2911 441 2982 Magnificam
454 2912 519 2982 hos,
536 2913 580 2969 his
592 2913 663 2969 bene
678 2913 764 2984 velle,
778 2913 822 2969 his
834 2914 925 2970 vivere
938 2913 1072 2970 amicum:

266 3007 414 3063 Commoda
427 3012 560 3077 praeterea
573 3008 668 3078 patriae
682 3007 736 3064 sibi
750 3010 837 3079 prima
850 3014 960 3079 putare,

265 3101 370 3157 Deinde
384 3106 545 3172 parentum,
557 3101 637 3157 tertia
645 3101 702 3171 jam
716 3091 908 3172 postremaque
922 3105 1026 3157 nostra.
1115 3117 1120 3126 ·

265 3279 331 3354 Hic
349 3279 492 3354 forsitan
512 3282 672 3376 quaedam
701 3259 940 3376 deprehendas
967 3303 1045 3376 quae
1069 3292 1206 3377 poetam
1226 3304 1281 3354 ar-

216 3413 332 3498 guunt
350 3424 414 3476 neo
433 3415 538 3498 caput
561 3402 668 3500 (quod
692 3403 766 3492 vult
782 3402 960 3499 Horatius)
979 3403 1196 3491 scabentem,
1216 3425 1281 3477 nec

218 3524 309 3597 vivos
326 3547 461 3621 ungues
481 3525 681 3598 rodentem:
700 3524 803 3598 verba
823 3525 900 3598 dieo
920 3525 1041 3598 eadem
1060 3525 1234 3620 geminata
1249 3535 1283 3598 et

220 3666 339 3717 versus
355 3644 478 3717 eodem
492 3644 597 3717 modo
612 3644 792 3734 cadentes,
808 3654 911 3738 atque
927 3643 992 3715 alia
1005 3665 1083 3738 quae
1097 3654 1179 3715 sunt
1191 3655 1283 3716 oerte

221 3768 375 3843 hominis
394 3755 437 3842 de
460 3768 565 3843 rebus
588 3770 700 3864 magis
722 3791 828 3865 quam
847 3769 889 3842 de
907 3768 1019 3842 verbis
1036 3766 1226 3840 laborantis
1244 3777 1285 3840 et

221 3892 315 3966 limae
324 3913 461 3966 moram
473 3891 701 3989 aspernantis.
716 3891 784 3965 Sed
794 3891 974 3964 sententiae
985 3889 1040 3962 his
1053 3888 1201 3962 subditae
1212 3911 1285 3962 ver-

221 4013 293 4104 bis,
312 4037 382 4088 non
408 4014 523 4088 solum
549 4025 632 4088 sunt
653 4013 789 4103 stoicae,
814 4012 874 4086 sed
893 4011 996 4086 etiam
1015 4013 1096 4109 (hoo
1113 4010 1285 4086 Lactantii

258 4273 266 4302 ¹
278 4277 341 4332 Sen.
356 4279 446 4348 Epist.
460 4280 503 4334 24.
