2970 5190
823 567 869 640 7a

340 742 343 747 ·
417 714 595 787 insciteque,
611 726 627 768 ο
641 713 748 784 miseri,
763 717 791 770 et
805 726 904 769 causas
918 714 1078 783 cognoscite
1092 728 1201 770 rerum:

418 810 491 880 Quid
504 823 615 883 sumus,
629 813 656 866 et
669 808 798 881 quidnam
812 809 911 866 victuri
924 809 1106 880 gignimur...

421 942 796 963 .........
816 908 903 974 Quem
917 909 944 962 te
957 906 1033 962 Deus
1047 918 1109 961 esse

416 1001 518 1072 lussit,
533 1006 561 1058 et
572 978 690 1059 bumana
703 1015 757 1073 qua
770 1007 847 1072 parte
861 1001 970 1058 locatus
983 1014 1014 1057 es
1027 1001 1057 1057 in
1069 1014 1099 1057 ne

419 1093 511 1150 Disce.

361 1238 418 1313 Sic
437 1261 477 1313 11
495 1238 563 1313 alto
587 1239 789 1315 universum
813 1241 910 1314 hunc
934 1239 1109 1314 mundum
1128 1242 1384 1334 consideranti,

313 1364 418 1438 urbes
434 1374 467 1437 et
485 1385 588 1458 regna
610 1374 704 1438 certo
719 1364 854 1461 judicio
866 1365 1073 1455 aestimanti,
1091 1376 1124 1439 et
1142 1365 1178 1438 in
1192 1368 1383 1466 semetipso

313 1482 507 1580 quidquam
529 1483 691 1557 sentienti
719 1506 795 1558 esse
823 1483 997 1574 divinum,
1025 1485 1109 1582 quid
1137 1487 1276 1583 patriae,
1296 1489 1384 1586 quid

311 1608 518 1707 propinquis
553 1607 827 1706 parentibusque
862 1607 1001 1705 elargiri
1038 1608 1174 1705 deceat·
1193 1611 1276 1685 satis
1316 1613 1385 1686 erit

311 1740 536 1826 perspectum
566 1739 601 1802 et
632 1728 830 1824 cognitum,
862 1750 927 1801 nec
959 1727 1077 1802 nescio
1111 1728 1168 1804 cui
1200 1730 1382 1806 causidico

313 1849 417 1923 stulte
435 1847 621 1936 invidebit,

419 2063 704 2081 .......
725 2023 804 2092 Quod
820 2024 905 2081 multa
919 2023 1010 2081 fidelia
1022 2028 1100 2095 putet

417 2121 447 2175 ln
461 2116 600 2190 locuplete
614 2129 702 2188 penu,
715 2115 838 2172 defensis
851 2115 1002 2187 pinguibus
1016 2116 1140 2187 Umbris3

418 2216 452 2274 Et
464 2216 541 2286 piper
554 2219 582 2272 et
596 2229 702 2286 pernae,
718 2214 802 2274 Marsi
817 2218 993 2271 monumenta
1006 2212 1129 2285 clientis,

419 2309 560 2380 llaenaque
573 2306 647 2379 quod
660 2307 747 2378 prima
761 2306 882 2363 nondum
898 2305 1030 2364 deiecerit
1043 2320 1117 2364 orca.

362 2459 423 2533 Sin
440 2468 579 2548 contra,
595 2456 801 2532 libidinibus
817 2480 836 2531 a
852 2466 944 2531 recta
962 2455 1133 2558 deductus
1152 2457 1220 2549 via,
1239 2457 1383 2533 desidiae

315 2608 351 2660 se
367 2583 500 2658 dederit
522 2584 702 2680 ventrique
724 2582 896 2673 servierit,
916 2605 997 2656 cum
1022 2580 1157 2679 longior
1173 2605 1252 2679 pars
1269 2583 1382 2657 aetatis

315 2727 378 2802 per
399 2703 509 2777 otium
534 2714 593 2778 aut
611 2703 719 2777 malas
739 2714 829 2777 artes
847 2701 950 2776 luerit
967 2702 1100 2800 elapsa,
1118 2713 1193 2776 tum
1209 2703 1303 2799 quod
1322 2728 1382 2779 ve·

316 2851 391 2901 ram
409 2850 480 2902 non
502 2827 622 2901 vixerit
641 2827 747 2901 vitam
769 2824 976 2924 sibimetipsi
995 2825 1119 2899 acerbe
1142 2823 1383 2922 exprobrabit,

317 2961 351 3024 et
368 2961 487 3024 noctes
505 2962 609 3047 atque
632 2949 705 3024 dies
724 2949 948 3024 conscientiae
971 2947 1110 3023 acribus
1132 2947 1283 3022 stimulis
1302 2971 1383 3022 exa·
1412 2981 1416 2987 ·

316 3070 493 3166 gitabitur.
526 3070 609 3145 Haec
638 3069 769 3161 vivide,
800 3080 983 3168 poetarum
1015 3067 1233 3144 comicorum
1262 3091 1382 3158 more,

316 3193 475 3295 personis
492 3194 528 3266 in
545 3216 687 3268 scenam
707 3193 877 3283 inductis,
900 3191 1055 3290 depinxit
1071 3191 1232 3267 Persius:

423 3362 526 3432 Nempe
539 3361 598 3418 baec
610 3360 739 3418 assiducl
751 3362 810 3417 lam
824 3359 928 3416 clarum
942 3372 1021 3415 mane
1034 3357 1169 3414 fenestras

422 3461 522 3530 intrat,
538 3464 566 3515 et
579 3463 712 3530 angustas
725 3458 848 3516 extendit
858 3458 962 3515 lumine
975 3457 1067 3514 rimas.

423 3558 584 3628 stertimus,
598 3556 758 3614 indomitum
773 3556 846 3629 quod
860 3556 1022 3628 despumare
1035 3555 1168 3613 falernum

422 3652 562 3711 Sufficiat¹
575 3651 581 3708 l

366 3797 456 3872 Tum
472 3797 622 3872 delineat
639 3797 858 3871 iracundiam
870 3797 1024 3895 juvenis,
1036 3797 1198 3872 hesterna
1211 3795 1293 3871 lassi
1307 3819 1382 3871 cra·

317 3920 417 4020 pula,
446 3921 581 3995 nullam
609 3921 652 3996 ad
685 3943 759 3996 rem
789 3920 926 4010 idonei,
954 3944 1049 3995 nunc
1079 3921 1259 4011 chartam,
1285 3944 1382 3996 nunc

316 4043 510 4133 calamum,
535 4065 632 4118 nunc
656 4054 909 4135 atramentum,
935 4043 1051 4118 omnia
1078 4043 1230 4141 denique
1255 4054 1382 4141 praeter

352 4286 360 4325 ¹
375 4288 450 4344 Pers.
466 4290 527 4344 Sat.
542 4286 591 4358 lll,
605 4300 630 4343 v.
647 4292 672 4343 t.
