2970 5190
724 498 771 569 5t

320 645 481 712 Paupertas,
495 648 622 712 artesque
636 642 721 710 datae,
737 655 883 710 moresque
897 641 1017 711 creatis,

321 740 353 795 Et
365 737 441 806 uitia,
455 742 482 792 et
495 736 599 804 clades,
614 737 725 808 darona,
740 743 768 792 et
781 736 943 806 compendia
956 750 1056 792 rerum.

321 834 406 892 Nemo
421 847 515 888 carere
529 833 592 888 dato
606 834 719 903 poterit,
734 846 784 890 nec
798 832 898 888 trabere
912 838 1056 902 negatum,

322 931 499 986 Fortunamre
512 930 570 986 suis
584 931 693 985 invitam
708 930 842 1001 prendere
856 930 947 997 votis,

322 1026 374 1081 lut
385 1023 479 1094 frigere
493 1025 639 1081 instantem
655 1041 660 1080 :
678 1038 740 1080 sors
752 1031 796 1081 cst
808 1038 858 1081 soa
871 1024 971 1094 cuique
986 1023 1098 1081 terenda
1111 1024 1127 1080 ¹.

264 1212 409 1301 Seneca,
429 1214 462 1286 in
482 1237 539 1302 eo,
565 1237 642 1310 quae
669 1214 818 1311 OEdipus
845 1214 1068 1305 inscribitur,
1090 1216 1282 1311 tragoedia,

216 1331 337 1405 eodem
364 1332 433 1406 iere
462 1334 566 1406 modo
593 1333 635 1405 de
661 1333 738 1406 fatis
762 1334 901 1407 locutus
929 1347 990 1407 est.
1017 1334 1159 1409 lnducit
1184 1335 1283 1408 enim

217 1453 364 1529 chorum
384 1454 578 1529 dicentem:

427 1672 501 1729 Fatis
513 1674 632 1743 agimur:
648 1673 737 1728 cedite
750 1671 824 1728 latis.

427 1770 486 1827 Non
501 1771 626 1826 sollicitae
638 1776 757 1840 possunt
769 1785 843 1827 curae

429 1867 533 1922 liniare
547 1867 598 1922 rati
612 1867 728 1922 stamina
744 1866 809 1923 lusi.

376 2050 382 2075 “’
429 2056 525 2112 Omnia
539 2060 614 2111 certo
628 2056 736 2112 tramite
750 2056 868 2123 radunt3

431 2153 590 2222 Primusque
603 2152 663 2208 dies
675 2152 750 2208 dedit
762 2156 922 2209 extremum.

431 2247 490 2306 Non
505 2247 550 2303 illa
566 2249 622 2304 lieo
634 2247 750 2303 vertisse
764 2248 842 2318 licet,

431 2349 496 2415 Quae
512 2361 579 2402 nexa
594 2346 653 2402 auis
667 2352 783 2403 currunt
795 2347 901 2403 causis.

430 2444 453 2500 lt
466 2444 564 2514 cuique
577 2449 667 2511 ratus,
683 2456 765 2514 prece
778 2456 833 2498 non
847 2443 903 2498 ulla

432 2536 554 2606 Mobilis,
571 2533 670 2593 ordo&

271 2725 383 2799 Erumt
408 2725 552 2799 fortasse
577 2723 678 2798 multi
697 2723 825 2819 quibus
844 2724 919 2797 haec
947 2722 989 2797 de
1015 2723 1083 2796 fato
1111 2725 1284 2799 sententia

221 2869 305 2920 vana
325 2846 477 2942 salsaque
495 2845 686 2935 ridebitur3
705 2845 850 2919 sednon
869 2845 943 2918 haec
958 2845 1126 2919 continuo
1145 2868 1163 2919 a
1182 2857 1287 2943 poeta

223 2971 423 3068 longissime
441 2971 547 3045 abest.
568 2971 653 3043 Eam
676 2971 770 3043 enim
789 2970 873 3044 adeo
891 2969 1116 3044 verisimilem
1136 2992 1228 3060 esse,
1248 2982 1308 3045 ut.

223 3091 394 3165 rationem
413 3112 483 3164 non
502 3089 668 3176 olleodat,
687 3099 722 3163 et
743 3089 778 3161 in
805 3112 841 3162 se
859 3089 1050 3163 obscurum
1070 3089 1201 3185 aliquid
1223 3091 1288 3164 ha-

224 3215 305 3289 bere
324 3213 416 3309 quod
436 3213 478 3287 ad
496 3213 628 3311 poesim
648 3211 1188 3302 mirificesitaccommodatum,
1208 3235 1289 3310 pro-

224 3336 297 3411 bari
320 3334 480 3410 facillime
495 3336 611 3434 possit.
636 3336 851 3410 diffirmando
864 3335 981 3410 omnia
996 3337 1064 3410 sato
1077 3337 1165 3431 regi,
1185 3339 1288 3413 stoici

225 3457 374 3533 liberum
390 3479 460 3531 non
475 3468 603 3554 negant
615 3480 689 3531 esse
703 3457 905 3546 arbitrium,
920 3457 980 3530 sed
996 3457 1063 3541 hoc
1080 3467 1183 3553 atque
1198 3457 1288 3533 illud

224 3603 321 3677 aeque
339 3602 413 3655 esse
431 3602 508 3655 vera
525 3580 751 3654 contendunt.
776 3579 815 3652 ld
834 3580 862 3653 si
881 3579 958 3676 quis
977 3579 1164 3653 arbitratus
1183 3580 1289 3655 fuerit

225 3724 446 3799 nequaquam
459 3724 560 3800 posse
572 3702 664 3792 fieri,
679 3702 707 3775 is
722 3724 841 3776 secum
858 3711 994 3799 reputet
1008 3715 1093 3798 quot
1108 3713 1142 3774 et
1156 3714 1287 3797 quanta

226 3838 428 3924 argumenta
447 3827 482 3900 in
502 3827 639 3923 scriptis
659 3825 875 3924 profuderint
889 3825 1122 3921 Augustinus,
1136 3825 1287 3900 Bossue-

264 4115 269 4150 ¹
285 4115 358 4172 Mau.
373 4118 461 4180 Astra,
476 4114 493 4170 l.
508 4115 551 4180 lv,
565 4129 591 4172 v.
604 4118 645 4169 ll.

261 4207 346 4264 lsen.
363 4208 451 4278 marry>
463 4252 470 4275 ‚
483 4222 506 4262 v.
520 4211 580 4264 sao.
