2970 5190
620 504 664 578 91

251 655 359 710 lustum
373 665 405 708 ae
417 654 542 708 tenacem
556 651 692 722 propositi
705 651 805 720 virum,

250 751 311 810 Non
324 749 423 806 civium
438 748 518 805 ardor
533 748 796 820 praevenientium,

288 847 349 906 Non
362 847 454 903 uultus
466 847 597 903 instantis
609 847 717 918 tyranni

321 943 413 999 Mente
426 943 515 1013 quatit
528 942 630 1014 solida,
644 956 733 1014 neque
746 942 845 999 Auster

249 1037 311 1092 box
324 1034 439 1105 inquieti
449 1035 577 1092 turbidus
593 1035 694 1105 idries,
778 1054 781 1060 ·

249 1127 307 1184 Nee
319 1126 491 1184 fulminantis
504 1141 602 1197 magna
615 1141 713 1185 manns
726 1127 818 1184 lovis:

288 1223 316 1281 Si
329 1222 435 1280 inactus
447 1223 577 1282 illabatur
589 1224 678 1297 orbis,

323 1316 491 1388 inpavidum
504 1316 603 1375 lenient
615 1318 712 1374 ruinae.

252 1409 309 1465 liae
321 1414 381 1465 arte
394 1409 530 1473 l‘ollnxet
543 1424 630 1482 vagus
644 1412 778 1468 Hercules

249 1503 364 1573 Enisus‚
377 1517 457 1560 arces
470 1504 562 1575 attigit
575 1505 670 1575 igneas
681 1503 699 1559 ¹.

159 1640 262 1716 Arne
280 1644 412 1741 requiri
429 1667 499 1719 non
519 1655 602 1742 puto
613 1654 654 1718 ut
668 1667 809 1720 carmen
825 1643 1002 1719 dilaudem
1020 1641 1176 1738 longius,

25 1857 29 1865 ⁵
110 1764 205 1862 quod
222 1765 306 1862 ipsis
325 1766 443 1863 pueris
461 1778 586 1842 notum
613 1779 681 1856 est,
707 1778 741 1842 et
758 1766 852 1864 quod
877 1765 1047 1863 imperitis
1072 1766 1177 1839 etiam

111 1886 356 1964 incredibilem
373 1891 563 1988 quamdam
580 1902 695 1966 movet
712 1891 979 1966 admirationem
989 1916 999 1980 ;
1018 1888 1079 1963 sed
1107 1910 1177 1962 non

112 2007 259 2082 omnino
276 2008 400 2084 inutile
423 2021 457 2085 et
482 2011 677 2086 absurdum
701 2012 773 2086 iore
791 2034 935 2100 censeo,
954 2008 1179 2106 unumquod-

112 2153 180 2226 que
199 2114 383 2228 diligenter
409 2135 657 2232 perpendendo
685 2135 848 2224 verbum,
875 2135 938 2208 hos
957 2154 1076 2207 versus
1104 2153 1180 2206 esse

112 2277 190 2329 vere
207 2264 242 2330 et
259 2278 355 2330 mere
374 2257 501 2333 stoicos
516 2258 710 2333 ostendere.
730 2257 794 2331 Cui
812 2258 926 2355 aptius
945 2280 1052 2354 quam
1070 2256 1179 2330 stoico

112 2377 261 2474 sepienti
282 2378 351 2452 hoo
374 2380 520 2455 verbum
542 2381 712 2479 propositi
735 2380 932 2468 conveniat,
956 2379 1051 2476 quod
1074 2379 1180 2452 vitam

112 2501 287 2598 signifieat
302 2524 373 2577 non
388 2514 535 2593 temere,
556 2515 596 2578 ut
613 2506 667 2594 fn,
686 2515 884 2601 vagantem,
899 2504 959 2578 sed
974 2504 1099 2577 rationi
1113 2503 1180 2577 mi-

113 2625 210 2699 rifice
226 2629 522 2702 consentaneam?
538 2628 650 2703 Verba
669 2641 782 2702 mente
795 2629 911 2703 solido
924 2640 958 2703 et
969 2627 1182 2726 impavidum

114 2747 278 2823 virtutem
295 2750 453 2826 indicant
467 2752 606 2851 proprie
627 2753 791 2841 stoicam,
810 2775 917 2848 quam
940 2752 1181 2826 fortitudinem

41 2922 44 2926 ι
114 2871 355 2962 nominamus,
375 2854 409 2948 et
426 2897 466 2948 ex
488 2897 574 2971 qua,
599 2875 705 2948 veluti
723 2898 762 2948 ex
777 2869 1040 2962 lonte,'ceeteree
1058 2894 1181 2948 omnes

113 2992 256 3067 virtutes
277 3005 420 3068 manent
437 3007 471 3069 et
495 2996 664 3070 defluunt.
684 2995 774 3081 Quid
800 2995 915 3069 dicam
934 2996 977 3070 de
995 2995 1050 3069 his
1068 2996 1182 3071 verbis

114 3139 220 3212 oopus
236 3098 429 3193 Heremias?
453 3118 564 3203 Quem
582 3120 685 3194 heroa
712 3143 794 3194 enm
814 3119 881 3194 sibi
905 3119 1005 3194 stoici
1029 3120 1071 3193 ad
1097 3120 1180 3194 inni-

115 3242 263 3315 tendum
290 3253 540 3342 proponerent,
568 3265 650 3317 eum
680 3242 844 3316 Horatius
872 3242 1181 3316 commemorando

115 3362 199 3436 satis
215 3384 389 3458 superque
407 3362 613 3437 monstravit
630 3385 781 3458 quorum
807 3362 1028 3458 potissimum
1047 3363 1182 3435 instite-

115 3487 162 3559 rit
178 3486 340 3584 vestigiis.

164 3606 241 3681 Non
265 3606 347 3680 satis
366 3606 471 3680 babet
495 3606 558 3680 has
576 3607 768 3681 stoicorum
787 3606 976 3680 sententias
994 3604 1106 3679 verbis
1125 3627 1183 3678 ex-

116 3728 262 3825 plicare,
279 3751 357 3825 quae
375 3741 456 3803 sunt
480 3728 623 3825 quidem
640 3728 733 3823 vulgi
752 3726 977 3823 opinionibus
996 3725 1181 3800 sublimio·

118 3875 188 3940 res
208 3852 268 3926 sed
286 3877 364 3950 quae
387 3855 546 3928 omnium
561 3854 696 3952 judicio
716 3877 784 3928 non
804 3853 948 3927 omnino
966 3864 1182 3949 repugnant3

118 3997 155 4048 eu
172 3998 311 4072 quoque
325 3988 474 4077 occupat
492 3976 633 4074 placita,
650 3997 728 4070 quae
747 3999 764 4048 a
787 3975 968 4048 communi
994 3974 1180 4046 hominum

158 4227 242 4283 ¹n0r.
259 4226 276 4281 ι.
291 4226 343 4296 ιιι,
364 4225 417 4282 ou.
433 4231 459 4297 a,
476 4242 500 4281 v.
520 4231 544 4281 ι.
