2970 5190
809 500 882 571 118

367 643 413 716 [ι
428 641 592 716 nannius
608 662 680 714 non
697 652 774 712 erat
796 640 937 733 iugenio
953 661 1037 712 cum
1052 639 1215 714 Lucretio
1237 663 1384 740 compa·

317 766 467 853 raudus,
478 766 527 838 ita
539 786 615 838 rem
626 774 758 837 unum
772 763 923 836 nonsibi
936 774 1175 861 proposuerat
1191 763 1270 837 Non
1283 766 1382 838 enim

316 889 437 964 omnia
454 909 533 986 qua>
548 886 728 960 adrerum
742 898 905 959 naturam
918 903 955 959 et
971 886 1015 959 ad
1029 886 1216 960 hominum
1233 887 1384 962 societa-
1413 966 1423 984 ,

316 1021 389 1084 tem
407 1018 584 1106 spectant,
600 1008 791 1080 stoicorum
809 1030 926 1095 more,
947 1008 1125 1096 tractarit,
1143 1031 1208 1081 uec
1225 1008 1384 1082 immen-

318 1155 399 1206 sum
421 1130 599 1228 quoddam
623 1152 730 1227 opus,
753 1129 921 1203 omnibus
944 1130 1102 1228 partibus
1125 1143 1204 1227 apte
1227 1131 1321 1206 inter
1346 1155 1385 1206 se

319 1251 501 1339 connexis,
529 1250 731 1340 aediiicarit3
757 1250 819 1323 sed
851 1250 1067 1344 singularem
1093 1251 1286 1347 quamdam
1316 1252 1386 1326 sibi

318 1373 471 1470 sumpsit
486 1373 686 1462 scientiam,
703 1395 792 1468 qua,
808 1372 902 1446 reiut
916 1373 1079 1462 materia,
1097 1374 1140 1445 ad
1157 1395 1282 1470 poema
1302 1397 1388 1448 cou-

319 1497 493 1586 dendum,
519 1508 695 1586 uteretur,
722 1508 758 1570 et
781 1497 928 1570 stoicam
956 1497 1216 1594 philosophiam
1243 1508 1386 1572 tantum

319 1620 433 1694 obiter
453 1620 585 1716 attigit,
611 1621 658 1692 ita
682 1630 722 1693 ut
741 1619 838 1716 quod
863 1631 1111 1715 argumentum
1137 1619 1244 1693 totius
1265 1621 1386 1717 operis

319 1741 426 1815 inisse
441 1740 563 1829 reiim,
581 1740 616 1812 id
631 1740 855 1838 potissimum
877 1741 924 1813 sit
943 1751 1038 1813 extra
1052 1761 1142 1837 opus
1159 1739 1336 1837 positum,
1351 1750 1387 1812 et
1439 1731 1443 1746 '

319 1863 357 1936 iu
373 1861 441 1952 eis,
466 1884 554 1959 quas
570 1860 722 1934 ecboseio
743 1872 883 1949 vocant,
908 1859 1127 1934 conclusum.
1148 1858 1238 1934 Vere
1261 1869 1386 2002 aupm

320 1985 409 2057 mihi
423 1983 542 2057 videor
557 2005 633 2056 esse
650 1982 826 2072 dicturus,
844 1983 874 2055 si
897 1983 1130 2071 affimuarero,
1154 1993 1189 2056 et
1210 1981 1386 2079 prooemia

320 2105 601 2202 uniuscujusque
617 2104 718 2192 iibri,
736 2117 772 2178 et
797 2106 861 2179 has
884 2105 1057 2193 ecbaseis,
1083 2107 1119 2178 in
1144 2106 1274 2202 quibus
1299 2106 1387 2178 stoi·

321 2231 427 2304 cissat
445 2230 627 2320 ManiliuS,
647 2230 813 2305 omnibus
829 2230 908 2305 aliis
931 2255 1011 2328 quae
1034 2224 1175 2330 scripsit
1195 2253 1272 2306 esse
1293 2254 1387 2331 pne-

318 2353 499 2426 stautiora.
516 2352 625 2450 Cujus
639 2354 689 2440 rei
706 2354 918 2453 locupletem
935 2355 1047 2430 habeo
1060 2366 1185 2431 testem
1199 2356 1387 2432 homiuem

321 2472 564 2546 doctissimum
579 2485 614 2547 et
629 2474 700 2548 iere
714 2474 899 2550 doctorum
914 2477 1128 2576 principem,
1144 2478 1216 2551 Jos.
1231 2477 1388 2573 Scalige-

321 2621 420 2671 mm:
437 2597 661 2694 (imprimis
678 2597 811 2695 inquit,
826 2599 944 2673 omnia
959 2600 1034 2698 ejus
1052 2601 1218 2697 proaemia
1236 2611 1271 2674 et
1285 2631 1386 2707 παρ-

320 2719 485 2817 είιβάσεις
509 2729 603 2792 extra
631 2741 774 2793 omnem
799 2720 913 2795 aleam
934 2722 1048 2819 posita
1073 2734 1167 2795 sunt.
1192 2721 1290 2795 Nihil
1312 2721 1388 2795 iilis

320 2842 491 2932 divinius,
520 2842 607 2915 nihii
637 2843 831 2939 copiosius,
860 2845 1000 2940 gravius
1027 2857 1063 2919 et
1088 2845 1283 2942 jucundius
1314 2845 1388 2919 dici

321 2976 477 3063 potest.»
506 2964 575 3037 Sed
592 2975 753 3061 praestat,
775 2977 815 3039 ut
837 2965 931 3039 idem
954 2966 1038 3040 dixit
1057 2968 1225 3065 scriptor,
1243 2991 1282 3042 ex
1308 2969 1388 3066 ipso

321 3083 457 3181 potins,
474 3106 581 3181 quam
598 3107 637 3156 ex
656 3094 773 3158 nostra
791 3085 1038 3182 praedicatione
1063 3087 1131 3162 hoc
1148 3087 1293 3164 discere.
1312 3087 1389 3161 Au·

323 3205 461 3280 diamus
479 3206 586 3302 igitur
603 3206 736 3281 olorem
755 3220 956 3282 canentem:

428 3436 554 3494 Carmine
569 3437 675 3494 divinas
687 3442 777 3509 artes,
789 3444 818 3495 et
829 3439 942 3496 conscia
954 3438 1003 3496 iau·

427 3533 522 3590 Sidera
537 3533 661 3591 diversus
674 3534 813 3591 hominum
827 3535 960 3592 variantia
972 3549 1070 3606 casus,

429 3633 557 3690 Coeiesiis
570 3634 685 3690 rationis
698 3647 783 3704 opus,
797 3633 934 3690 deducere
946 3635 1049 3692 mundo

429 3728 594 3800 Aggredior,
611 3730 771 3800 primusque
783 3731 862 3785 novis
875 3731 1005 3787 Helicona
1019 3745 1129 3789 morere

429 3825 579 3890 Cantibus,
593 3831 622 3882 et
633 3826 711 3882 viridi
727 3833 856 3884 nutantes
869 3829 970 3885 vertice
985 3829 1083 3894 silvas,

429 3922 545 3991 Hospita
557 3935 636 3979 secra
648 3921 754 3994 ferens,
769 3924 838 3980 uuili
852 3929 1000 3981 memoraie
1012 3925 1133 3995 priorum
1148 3924 1164 3982 ¹.

362 4244 367 4278 ¹
383 4243 455 4300 Mau.
470 4247 560 4314 Arar,
574 4244 592 4298 1.
606 4244 629 4315 i,
643 4259 667 4300 v.
684 4251 707 4300 t.
