2970 5190
707 112 778 184 lto

208 259 318 357 pidus
333 259 368 332 in
384 260 506 333 matris
515 259 690 354 gremium
704 281 741 332 se
755 257 893 353 recipit:
910 256 1111 342 «Miserere,
1123 253 1272 343 maten»

208 380 307 478 quod
335 380 482 454 astoico
508 380 711 476 longissime
736 376 911 453 abhor'ret.
938 377 1021 451 llaec
1045 388 1179 465 autem,
1205 397 1276 450 non

207 501 319 575 modo
345 502 492 575 stoicam
514 501 611 574 illam
636 523 707 574 non
729 510 840 574 servat
858 499 964 573 animi
988 498 1278 595 aequabilitatem,

208 637 245 699 et
263 647 337 698 non
356 624 496 698 cohibet
513 646 635 698 omnes
651 623 801 729 pectoris
816 633 949 714 motus;
964 623 1024 696 sed
1042 623 1133 696 irato
1150 621 1279 718 impeto

208 746 346 821 dioitm
360 746 543 835 cecidisse,
556 745 650 842 quod
663 745 871 833 stoicorum,
888 744 1009 834 credo,
1022 744 1168 817 minime
1181 743 1281 816 decet

208 863 444 961 discipulam;
464 887 546 938 nam
566 863 686 952 stoici,
706 863 819 958 inquit
836 863 989 953 Tullius,
1010 863 1160 938 ‹romnio
1176 861 1280 935 irasci

206 987 417 1060 nesciunt.»

259 1107 410 1197 Deinde,
424 1129 505 1181 cum
520 1108 691 1204 Astyanax
704 1117 738 1180 et
748 1106 920 1204 Polyxena
934 1129 1078 1204 parvum
1089 1107 1281 1182 admodum

206 1232 246 1305 in
266 1231 385 1305 fabula
404 1211 740 1319 obtineant'locum,
760 1241 794 1305 et
808 1232 879 1304 sere
897 1241 1004 1305 mutae
1025 1231 1096 1303 sint
1112 1253 1280 1327 personae,

206 1350 275 1446 qui
288 1360 350 1423 aut
367 1349 486 1446 quales
504 1350 634 1424 luerint
651 1371 723 1422 non
742 1348 896 1423 multum
922 1358 1014 1423 cente
1033 1349 1156 1439 resert;
1180 1371 1280 1438 nam,

207 1473 348 1548 etiarnsi
375 1496 497 1548 eorum
524 1485 659 1547 mentes
686 1479 825 1572 penitus
853 1485 968 1548 essent
991 1474 1182 1548 stoicorum
1207 1474 1282 1572 pla·

209 1595 291 1670 citis
309 1595 469 1686 imbutae,
488 1596 577 1668 nihil
592 1596 673 1669 inde
692 1596 734 1669 de
752 1595 892 1670 Senecae
907 1595 1079 1693 personis
1091 1595 1127 1668 in
1145 1595 1282 1669 univer·

209 1737 292 1788 sum
309 1715 548 1806 consideratis
560 1717 640 1813 jure
658 1714 888 1810 colligeretur.
975 1699 981 1708 ’

260 1838 437 1934 Denique,
462 1839 491 1911 si
509 1840 627 1912 forsan
646 1850 706 1912 aut
723 1838 904 1926 homines,
924 1850 983 1911 ant
1006 1839 1144 1912 feminae
1161 1838 1197 1912 in
1219 1839 1280 1913 Se-

210 1961 1282 2060 necaetragoediisreperirentur,quibushumanamajoresset

199 2083 342 2171 uirtus,
360 2083 428 2156 hoo
446 2082 534 2155 mihi
556 2104 626 2156 non
653 2093 723 2154 tam
742 2082 933 2155 stoicorum
952 2082 1155 2179 disciplinae
1173 2104 1280 2178 quam

212 2202 366 2276 auctoris
384 2202 545 2298 ingenio,
563 2224 701 2300 semper
713 2202 900 2297 grandiora
920 2201 1091 2300 captanti,
1104 2201 1281 2275 videretur

211 2342 289 2395 esse
308 2320 594 2418 adjudicandum.
614 2320 704 2395 Cum
719 2321 814 2393 enim
831 2320 990 2394 homines
1005 2319 1118 2393 verbis
1133 2319 1281 2415 amplifi-

212 2464 294 2516 care
312 2441 437 2531 soleat,
456 2442 587 2515 mirum
602 2451 694 2516 certe
709 2440 813 2529 soret,
828 2440 857 2512 si
872 2461 1011 2536 semper
1027 2438 1119 2528 vitia,
1136 2438 1279 2511 virtutes

213 2588 417 2661 nunquam,
433 2565 470 2638 in
488 2545 602 2663 majus
618 2564 767 2639 dicendo
784 2563 973 2638 extulisset.
1356 2550 1362 2564 ’

263 2690 345 2765 Non
361 2676 538 2780 mo'ribus,
556 2691 617 2765 sed
641 2690 743 2764 dietis
761 2689 933 2785 pleraeque
949 2698 1059 2785 poetae
1074 2687 1185 2761 nostri
1200 2709 1280 2783 per-

213 2831 310 2883 sonae
329 2810 455 2884 stoicas
473 2832 510 2884 se
529 2809 694 2908 praebent.
716 2808 800 2893 Quae
817 2818 933 2882 autem
949 2807 1059 2897 dicta,
1077 2828 1278 2903 quanquam

215 2920 377 3032 personae
411 2935 539 3032 cuique
572 2935 718 3009 minime
751 2934 1008 3022 convenientia,
1043 2933 1189 3033 pulchra
1216 2931 1280 3006 ali-

215 3053 360 3149 quando
379 3065 485 3128 sunt:
506 3055 635 3153 quippe
659 3077 736 3151 quae
762 3077 859 3128 veros
878 3067 911 3127 et
929 3054 1085 3127 sinceros
1103 3050 1281 3149 scriptoris

217 3159 417 3272 exprimant
433 3197 573 3264 sensura,
592 3186 626 3248 et
646 3175 724 3248 ideo
740 3175 844 3270 paulo
863 3173 981 3246 minus
997 3172 1191 3246 affectatam
1211 3191 1282 3266 prae
1372 3227 1375 3232 .

216 3321 254 3371 se
274 3298 386 3370 serant
400 3298 668 3395 jucunditatem.
693 3298 750 3371 Sic
768 3297 911 3371 Voltarii
938 3296 1047 3369 nostri
1075 3294 1162 3368 nulli
1180 3293 1281 3367 lucu·
1301 3330 1307 3337 ·

218 3417 385 3491 lentiores
404 3418 565 3492 seruntur
582 3441 721 3509 versus,
749 3440 855 3515 quam
881 3438 968 3513 quos
987 3415 1030 3489 de
1052 3412 1282 3489 Neutonianis

215 3539 368 3615 inventis
382 3550 417 3614 et
430 3563 518 3638 quos
533 3542 575 3616 de
589 3541 686 3615 omni
699 3539 856 3615 numinis
872 3539 970 3613 cultu
984 3537 1163 3612 tolerando
1176 3536 1284 3634 scrip-

213 3662 282 3752 sit,
302 3661 383 3758 quia
411 3674 487 3738 tum
505 3663 580 3738 sine
599 3664 678 3737 luco
703 3672 738 3736 et
755 3660 897 3735 fallaciis
916 3681 994 3755 quae
1019 3681 1136 3733 revera
1157 3657 1284 3733 sentie-

216 3787 278 3861 bat
298 3786 415 3861 edidit.

306 3941 337 3993 F·
1094 3919 1108 3964 θ
