2970 5190
556 560 569 581 ‘
637 568 683 641 73

128 706 355 804 semetipsum
391 705 603 797 incusantis,
635 708 764 806 quippe
799 710 860 805 qui
890 709 1041 798 inscius,
1076 710 1193 791 rerum

127 825 435 924 pretiosissimam,
459 837 597 924 tempus
623 827 757 901 deterit.
789 827 915 951 Totum
940 829 1036 904 hunc
1059 829 1195 920 locum,

128 968 266 1041 quaeso,
292 944 431 1040 relege:
458 945 562 1020 verbo
587 946 714 1043 cuique
738 970 843 1021 suum
860 920 945 1025 esse
973 948 1219 1025 momentum

127 1068 260 1143 videbis
291 1079 325 1143 et
353 1069 405 1140 vix
435 1090 510 1143 esse
540 1069 609 1145 illis
639 1071 805 1146 omnibus
838 1071 1030 1170 quidquam
1063 1074 1196 1172 signifi-

130 1195 278 1269 cantius.

236 1424 519 1443 .......
558 1386 611 1442 Sed
625 1399 688 1442 rure
701 1391 816 1457 paterno

234 1483 283 1539 Est
297 1481 346 1538 tibi
360 1480 402 1538 iar
415 1482 565 1555 modicum,
581 1497 680 1553 purum
693 1488 721 1541 et
734 1484 794 1541 sine
808 1484 869 1541 labe
883 1484 1017 1557 salinum,

234 1578 316 1655 (Quid
331 1579 468 1653 metuasl)
482 1581 636 1652 cultrixque
650 1580 706 1638 ioci
719 1596 817 1639 secura
830 1582 960 1653 patettat.

177 1739 224 1814 Ut
240 1739 382 1814 Persius
401 1763 516 1815 crassa
536 1741 600 1815 ista
618 1742 730 1833 bona,
755 1765 783 1815 sr
776 1742 908 1817 modo
927 1744 1018 1817 bona
1037 1757 1119 1819 sunt
1135 1769 1197 1843 ap-

128 1839 306 1959 pellanda,
326 1862 553 1959 dedignatur!
571 1866 656 1939 Post
673 1866 748 1939 haec
767 1864 909 1939 stultam
928 1864 1156 1965 superbiam
1143 1892 1199 1966 Ju-

129 1986 245 2075 venis,
250 2007 449 2063 censorem
471 1989 710 2086 propinquum
729 1989 863 2086 jactant
865 1989 912 2080 is,
936 2000 971 2065 et
987 1989 1169 2065 alienam
1160 2017 1197 2066 m

131 2106 259 2179 tamam
278 2105 463 2204 irrepentis
480 2107 621 2182 irridet:

233 2299 272 2357 dd
287 2300 419 2374 populun
432 2301 576 2371 phaleras!
592 2303 649 2374 ligo
663 2309 690 2360 te
704 2303 780 2362 intus
794 2308 822 2362 et
834 2305 862 2361 in
877 2308 940 2362 cute
955 2303 1053 2362 novit!

177 2465 387 2542 Praeclaram
407 2467 616 2540 sententiam
634 2477 668 2541 et
685 2491 724 2543 ex
743 2469 867 2544 intima
881 2471 1074 2546 stoicorum
1093 2473 1199 2549 disci-

130 2589 224 2688 plina
261 2587 505 2685 desumptam!
540 2588 633 2661 Dum
664 2589 809 2686 vulguS,
843 2589 1008 2665 stolidum
1041 2592 1069 2664 si
1102 2593 1196 2689 quod

130 2711 195 2784 luit
224 2731 381 2806 unquam
407 2731 535 2806 pecus,
561 2733 648 2784 vana
674 2721 708 2784 et
736 2720 875 2786 externa
905 2712 1099 2809 eademque
1128 2715 1197 2788 ful-

129 2835 244 2932 gentia
268 2845 302 2909 et
324 2834 445 2909 oculos
469 2834 738 2932 perstringenda
765 2835 931 2926 miratur,
955 2837 1094 2935 sapiens
1120 2860 1197 2912 vera

129 2966 164 3030 et
180 2955 314 3028 interna
335 2961 473 3027 tantum
491 2952 602 3043 bona,
621 2977 660 3028 ea
676 2952 837 3028 videlicet
854 2978 933 3051 quae
951 2956 987 3029 in
1006 2956 1116 3031 animi
1135 2958 1198 3032 do-

129 3079 223 3154 tibus
242 3086 419 3165 constant,
438 3077 596 3175 suspicit.

177 3201 264 3274 Dein
282 3200 423 3274 Persius
442 3200 599 3274 animum
625 3199 792 3275 describit
813 3200 988 3276 scelerum
1010 3215 1198 3280 consuetu-

129 3323 210 3397 dine
239 3321 514 3397 occalescentem
544 3333 578 3397 et
600 3322 682 3395 vitio
709 3323 877 3420 paulatim
904 3335 1125 3423 stupentem,
1151 3327 1199 3401 ita
1312 3379 1315 3389 ·

128 3454 245 3517 tomen
264 3451 320 3531 ut,
339 3441 367 3515 si
384 3441 461 3538 quis
480 3441 639 3516 nondum
659 3441 793 3516 exuerit
805 3465 946 3517 omnem
965 3444 1101 3518 virtutis
1119 3468 1199 3519 sen·

129 3591 225 3657 sum,
243 3566 279 3638 in
306 3587 346 3640 eo
364 3566 472 3639 virtus
490 3567 610 3641 relicta
637 3590 716 3642 acre
742 3567 796 3642 sui
823 3567 1035 3642 desiderium
1062 3570 1195 3645 excitet.

129 3687 349 3782 Quicumque
370 3685 464 3758 enim
479 3685 663 3781 diligenter
676 3687 921 3785 ponderaverit
934 3711 1053 3762 versus
1068 3689 1197 3786 quibus

128 3821 247 3884 noster
264 3830 326 3882 seu
345 3807 435 3881 tauri
455 3810 578 3884 ahenei
595 3810 801 3906 gemitibus,
819 3832 880 3883 seu
899 3809 1013 3906 gladio
1032 3811 1160 3885 auratis
1179 3834 1198 3886 e

128 3932 352 4032 laquearibus
384 3931 571 4029 pendenti,
601 3934 704 4008 malae
733 3932 956 4008 conscientiae
984 3934 1137 4009 ululatus
1164 3947 1198 4011 et
1276 3943 1278 3946 ⁴
1335 3921 1344 3932 ’

167 4202 176 4240 ¹
190 4205 265 4261 Pers.
280 4196 406 4276 Sot'lli,
419 4217 444 4261 v.
459 4207 502 4263 at.

166 4297 282 4369 ²Idem,
299 4310 324 4354 v.
339 4300 383 4355 30.
445 4289 467 4326 ⁶
