2970 5190
622 855 768 931 CAPUT
792 857 849 931 Xl.

414 1033 461 1087 nu
478 996 632 1088 uomuus
649 1033 743 1088 trun
761 1032 895 1091 porres
911 1033 1063 1090 srorcos.

257 1256 353 1331 Nihil
380 1267 438 1330 aut
463 1257 596 1355 patenti
620 1280 726 1355 super
751 1280 814 1333 nos
843 1257 947 1349 coele,
975 1268 1034 1332 aut
1050 1232 1185 1333 intima
1213 1281 1280 1334 no-

207 1381 261 1456 bis
287 1381 433 1472 virtute,
460 1382 644 1480 pulchrius
672 1405 747 1458 esse
772 1384 936 1458 censebat
965 1382 1153 1482 praeclarus
1182 1387 1279 1482 apud

207 1503 400 1578 Germanos
419 1504 659 1602 philosophus.
684 1504 757 1579 Nec
783 1505 922 1603 injuria.
946 1506 993 1579 Ut
1018 1506 1112 1580 enim
1136 1529 1175 1579 ex
1200 1530 1278 1580 om-

207 1625 307 1700 nium
327 1649 502 1700 concursu
516 1626 688 1716 siderum,
702 1627 961 1726 unieidemque
981 1630 1045 1726 legi
1062 1630 1279 1726 parentium,

206 1729 356 1824 coelestis
373 1750 432 1825 ille
455 1751 495 1824 fit
522 1750 623 1842 ord0,
642 1775 749 1848 quem
774 1775 879 1827 nemo
898 1764 950 1829 est
973 1754 1033 1851 qui
1057 1776 1276 1852 nonmagna

206 1881 323 1944 motus
350 1871 580 1946 admiratione
608 1873 801 1970 suspiciat;‘
818 1874 868 1947 sic
898 1897 917 1948 e
945 1873 1081 1949 cunctis
1107 1875 1277 1948 humanae

205 1990 282 2065 vitae
300 1990 476 2087 partibus,
503 1990 626 2065 eodem
656 2014 725 2066 una
756 1992 891 2068 ratione
915 1993 1012 2068 duce·
1031 1992 1275 2083 tendentibus,

205 2116 280 2190 haec
298 2115 447 2190 efficitur
466 2128 500 2190 et
522 2116 694 2191 conflatur
709 2119 911 2210 concordia,
930 2142 1036 2218 quam
1061 2119 1176 2194 divino
1189 2142 1276 2217 quo-

206 2238 288 2312 dam
306 2238 448 2313 nomine
471 2239 635 2314 virtutem
653 2240 839 2337 appellant.
856 2241 933 2318 nic
954 2242 1058 2317 etiam
1076 2241 1187 2315 mirus
1207 2243 1275 2316 hu·

206 2386 392 2437 manarum
407 2386 526 2437 rerum
545 2384 737 2437 consensus
756 2386 796 2438 eo
812 2365 922 2460 magis
937 2364 988 2438 illi
1003 2364 1102 2439 alteri
1115 2375 1275 2461 praestat,

208 2484 302 2580 quod
315 2540 324 2573 ,
335 2505 410 2557 non
426 2483 469 2558 ab
488 2482 703 2558 ineluctabili
722 2484 875 2581 quodam
891 2486 978 2575 lato,
994 2484 1054 2559 sed
1067 2484 1110 2559 ab
1129 2485 1275 2560 homine

205 2604 314 2680 libero
334 2616 368 2679 et
381 2617 517 2696 erecto,
537 2628 576 2679 ac
598 2606 674 2679 vitae
694 2606 957 2705 tempestatibus
978 2606 1171 2696 obnitente,
1189 2624 1276 2704 pro-¹

204 2733 383 2808 ficiscitur.
403 2732 548 2805 Nullum
577 2742 629 2806 est
653 2732 749 2806 enim
775 2733 1039 2830 spectaculum,
1060 2742 1101 2806 ut
1117 2731 1160 2806 ab
1188 2733 1273 2830 ipsis

203 2857 322 2933 stoicis
341 2856 623 2931 animaduersum
638 2867 707 2947 est,
727 2868 786 2931 aut
800 2857 933 2955 majus,
952 2867 1013 2932 aut
1028 2856 1099 2932 Deo
1113 2855 1272 2951 dignius,

204 2982 277 3055 viro
296 2981 502 3064 rebuscum
521 2981 672 3056 adversis
691 2981 910 3078 confligente.
1278 2970 1281 2974 ’

252 3103 373 3200 ltaque
404 3102 585 3177 Cornelius
615 3103 691 3194 ille,
722 3104 784 3200 qui
815 3101 1050 3178 immortalem
1082 3101 1119 3176 in
1147 3101 1273 3178 litteris

197 3211 299 3323 ⁸genti
324 3235 451 3300 nostrae
481 3226 692 3323 comparavit
721 3226 888 3322 gloriam,
920 3248 1047 3323 quum,
1079 3225 1210 3300 Seneca
1240 3236 1275 3301 et
1313 3217 1316 3220 ⁴

203 3349 346 3424 Lucano
365 3347 479 3435 lectiS,
498 3347 625 3438 stoice,
644 3348 679 3422 id
698 3359 769 3435 est,
797 3349 930 3422 sortiter
948 3359 983 3422 et
1007 3370 1175 3445 generose
1192 3371 1272 3423 sen-

203 3469 268 3543 tire
286 3469 463 3566 coepisset,
480 3492 608 3543 novum
627 3482 661 3544 et
675 3494 763 3568 pene
782 3471 981 3545 inauditum
998 3471 1154 3546 condidit
1170 3471 1273 3546 labu-

200 3591 319 3665 larum
337 3613 466 3686 genus,
482 3591 517 3664 in
534 3592 662 3689 quibus
679 3592 815 3666 induxit
829 3593 963 3668 nobiles
979 3604 1013 3668 et
1027 3596 1272 3691 magnanimos

202 3714 311 3804 viros,
331 3715 411 3811 qui,
440 3716 604 3790 omnibus
633 3716 782 3814 pulchro
809 3728 843 3791 et
870 3719 1016 3792 honesto
1042 3718 1272 3816 posthabitis,

204 3844 403 3908 constanter
420 3846 666 3933 responsorent
687 3836 759 3910 suis
787 3837 1033 3935 cupidinibus,
1052 3849 1085 3912 et
1109 3840 1272 3916 homines

204 3954 402 4029 incredibili
422 3956 575 4052 quodam
593 3956 729 4031 virtutis
758 3980 875 4033 amore
900 3959 1142 4035 accenderent.
1171 3960 1273 4060 Quod

203 4078 233 4152 si
260 4101 314 4151 res
342 4078 446 4176 paulo
474 4079 591 4155 minus
620 4102 784 4178 prospere
814 4082 907 4180 apud
938 4082 1116 4157 Romanos
1148 4085 1271 4175 cessit,

206 4223 275 4275 non
294 4202 394 4276 stoici
412 4214 496 4278 sunt
519 4205 596 4280 ideo
615 4205 822 4294 accusandi;
843 4229 912 4281 non
937 4207 1030 4280 enim
1054 4216 1190 4282 tantum
1209 4207 1269 4281 de-
