2970 5190
701 480 774 556 138

210 635 314 711 traria
332 643 415 710 sunt
429 632 562 710 Horatii
581 642 661 708 nota
681 632 723 708 de
738 631 874 708 Achille
887 632 1007 709 verba:
1025 633 1082 709 nil
1093 657 1166 710 nou
1184 659 1281 712 arra

207 769 265 856 get
282 758 389 834 111111
401 760 426 832 ¹.

257 880 343 955 Tuta
372 900 472 954 mens
505 875 645 952 Catonis
676 884 711 951 et
739 873 908 951 indomita
937 874 988 950 vis
1021 876 1133 952 animi
1164 881 1278 956 multo

209 1007 314 1082 etiam
338 1004 484 1079 vividius
509 1001 692 1079 exhibetur
716 1001 871 1076 oratione
889 1023 995 1098 quam
1020 1000 1078 1076 ille
1106 1002 1160 1076 vir
1184 1005 1277 1102 apud

209 1128 337 1204 milites
356 1128 478 1219 habet,
493 1127 656 1225 jamjam,
670 1125 838 1224 Pompeio
856 1134 1016 1216 mortuo,
1035 1129 1196 1203 ecastris
1211 1129 1278 1204 dis-

210 1271 386 1339 cessuros,
406 1248 506 1346 quasi
519 1269 582 1345 pro
600 1245 743 1322 homine
761 1246 945 1346 quopiam,
961 1266 1032 1321 non
1047 1269 1112 1345 pro
1126 1258 1200 1324 toto
1219 1251 1278 1325 hc·

209 1371 346 1447 minum
365 1393 491 1469 genere
508 1369 764 1467 pugnavissent.
790 1369 954 1445 Lucanus
971 1378 1069 1445 tantu
1092 1371 1168 1446 viro
1192 1395 1273 1448 con·

209 1496 346 1571 cionem
379 1493 515 1582 tribuit,
548 1492 605 1567 cui
634 1513 700 1566 nec
729 1491 821 1588 apud
846 1491 1059 1583 Homerum,
1085 1516 1156 1568 nee
1182 1496 1275 1594 apud

208 1616 411 1715 Virgilium,
430 1636 495 1689 nec
514 1613 607 1711 apud
637 1621 774 1710 poetam
799 1613 929 1703 ullum,
949 1614 1010 1710 qui
1033 1626 1136 1690 antea
1154 1617 1273 1710 fuerit,

208 1738 400 1837 quidquam
427 1735 539 1811 simile
557 1735 767 1833 reperiatur,
792 1746 826 1811 et
845 1737 1035 1811 sententias
1056 1760 1126 1814 aare
1149 1762 1273 1838 peren-

209 1860 323 1934 niores
346 1857 502 1933 versibus
528 1854 708 1931 concludit
733 1877 820 1956 quos
846 1855 942 1930 nulla
969 1880 1129 1955 unquam
1159 1860 1273 1937 delere

208 1983 334 2080 poterit
350 1992 513 2108 vetustas.
532 1979 656 2055 Omnia
669 2001 775 2071 nova,
793 1978 1052 2079 philosophica,
1067 1983 1271 2080 splendida:

310 2178 381 2248 Ergo
395 2177 453 2247 pari
469 2181 532 2233 voto
545 2175 658 2247 gessisti
672 2175 757 2248 bella,
769 2178 914 2248 juventus,

311 2274 352 2329 Tr
365 2286 475 2344 quoque
489 2285 539 2343 pro
553 2273 684 2344 dominis,
701 2277 730 2329 et
741 2274 905 2343 Pompeiana
921 2272 1013 2346 luisti,

311 2368 371 2427 Non
385 2381 496 2424 romana
508 2367 627 2425 manus?
640 2368 719 2437 Quod
733 2380 787 2423 non
800 2369 828 2424 in
842 2382 926 2438 regna
940 2369 1067 2439 laboras,

310 2461 389 2530 Quod
404 2461 468 2532 tihi,
483 2473 537 2517 non
553 2460 684 2534 ducibus,
699 2461 783 2533 vivis,
797 2462 983 2535 morerisque;
997 2464 1071 2535 quud
1086 2465 1181 2524 orbem

310 2556 438 2626 Adquiris
451 2555 532 2627 nulli,
547 2555 621 2625 quod
630 2558 688 2626 jam
701 2555 752 2613 tibi
764 2556 874 2613 vincere
888 2560 978 2614 tutum
991 2563 1051 2628 est;

309 2648 384 2707 Bella
396 2649 482 2722 fugis,
496 2649 652 2720 quaerisque
660 2651 774 2723 jugum,
788 2649 894 2707 cervice
908 2657 1037 2724 vacante,
1078 2676 1080 2681 ¹

310 2745 344 2802 Et
356 2745 448 2801 nescis
461 2744 521 2800 sine
535 2758 598 2814 rege
612 2744 682 2814 patil
692 2786 1019 2803 ........

311 2841 334 2896 0
347 2839 441 2897 famuli
456 2844 567 2911 turpes,
582 2840 685 2896 domini
698 2844 762 2910 post
774 2839 831 2896 lata
843 2840 958 2912 prioris,

310 2935 359 2992 ltis
372 2936 407 2992 ad
420 2932 576 2992 haeredem'
577 2976 953 2993 .........

251 3106 317 3180 Η11
344 3129 421 3181 1111
445 3106 596 3180 liberum
622 3126 772 3203 agnosco
801 3105 931 3195 virum,
956 3115 991 3180 et
1017 3104 1119 3202 cujus
1137 3127 1269 3182 nomen

203 3251 273 3303 non
293 3228 449 3302 huminis
474 3228 677 3326 cujuslibet,
694 3229 755 3303 sed
768 3228 843 3325 jam
869 3227 978 3326 ipsius
996 3226 1182 3302 Libertatis
1205 3253 1269 3305 no·

202 3374 284 3425 men
306 3373 381 3425 esse
397 3351 572 3440 videatur,
592 3374 696 3448 quem
715 3351 854 3426 Marcus
875 3351 1011 3426 Tullius
1037 3351 1127 3425 mori
1151 3354 1269 3451 potius

203 3474 364 3551 debuisse
383 3473 489 3561 dixit,
504 3497 610 3571 quam
624 3474 761 3572 tyranni
776 3475 915 3548 -vultum
933 3473 1150 3571 adspiceret

251 3601 286 3675 Si
302 3625 320 3675 a
336 3599 493 3700 persenis
512 3623 599 3697 quas
614 3600 649 3674 in
669 3623 810 3675 scenam
825 3600 962 3675 induxit
973 3602 1157 3691 Lucanus,
1171 3600 1215 3675 ad
1228 3624 1269 3676 ea

203 3743 280 3818 quaa
296 3721 337 3796 de
351 3721 475 3796 divinis
490 3732 523 3794 et
541 3720 706 3795 humanis
721 3720 825 3795 rebus
844 3722 917 3819 ipse
929 3721 1092 3834 senserit,
1111 3732 1268 3797 nostram

239 3997 374 4070 ¹Pbarr.,
394 3999 474 4070 ΗΧ,
490 4004 591 4057 1190.
656 4051 658 4055 ,

238 4092 377 4165 2Ρ1111.11.,
396 4096 414 4153 l.
429 4098 475 4168 lX,
489 4113 512 4153 v.
528 4103 588 4157 256,

238 4186 318 4242 ³Cic.
336 4188 627 4259 0801111131-
