2970 5190
706 495 779 572 lla

259 644 349 719 Cum
364 643 479 718 Caesar
494 643 569 742 ipse
586 641 653 717 sibi
670 642 1044 742 sumpsitdictaturam
1062 653 1096 717 et
1114 642 1276 717 consula-

207 774 306 854 tum,
326 785 414 861 quos
432 764 584 838 honores
610 762 790 861 quondam
818 761 1068 838 benemeritis
1097 762 1139 836 de
1165 760 1275 861 patria

209 888 345 965 civibus
364 889 464 966 liberi
482 889 602 988 populi
620 890 783 987 suffragia
799 888 958 965 solebant
975 890 1182 980 decernere,
1201 900 1276 966 tum

206 1019 314 1109 poeta
328 1011 425 1108 luget
440 1031 642 1109 oppressam
656 1009 853 1085 libertatem
867 1010 1153 1108 venerandaeque
1165 1021 1277 1109 potes·

207 1144 299 1210 tates
315 1133 465 1232 pollutas
480 1144 515 1208 et
526 1133 600 1232 jam
626 1134 669 1208 ad
688 1133 842 1208 nihilum
855 1133 1026 1210 redactas.
1045 1133 1155 1224 Nam,
1173 1133 1217 1208 ab
1235 1154 1275 1207 eo

207 1267 386 1354 ternpore,
400 1255 623 1352 magistratus
641 1266 676 1331 et
700 1257 867 1355 imperia,
893 1279 987 1354 quae,
1006 1257 1152 1331 florente
1176 1278 1277 1354 repu-

209 1377 321 1468 blica,
336 1377 374 1450 in
390 1387 486 1452 tanto
505 1377 643 1452 luerent
659 1377 788 1475 pretio,¹
803 1378 876 1476 jam
891 1375 1110 1477 principibus
1124 1376 1276 1451 ludibrio

208 1499 350 1590 habita,
371 1499 415 1576 ad
439 1500 669 1576 deterrimum
693 1511 754 1575 aut
777 1500 1081 1599 imperitissimum
1100 1521 1277 1596 quemque

209 1619 325 1694 delata
343 1619 503 1710 luerunt,
521 1628 556 1695 et
572 1620 678 1695 rebus
703 1620 857 1710 abolitiS,
875 1619 948 1693 sola
971 1642 1091 1694 rerum
1108 1617 1276 1693 vocabula

207 1745 467 1842 permanserat
485 1742 595 1819 Voces
610 1743 739 1841 quibus
757 1742 908 1818 Romani
924 1743 1085 1817 dominos
1101 1742 1276 1817 mentiun-

207 1874 283 1955 tur,
302 1864 418 1962 inquit
430 1864 613 1956 Lucanus,
628 1866 703 1940 haec
716 1874 798 1939 aetas
815 1863 929 1963 prima
947 1865 1095 1963 reperit,
1114 1864 1277 1939 consula·

208 2001 357 2084 tumque
375 1986 524 2086 praebuit
542 1987 793 2074 deridendum,
816 1988 946 2086 quippe
964 1987 1024 2083 qui
1043 1986 1120 2061 ideo
1139 1997 1276 2062 tautum

207 2113 313 2190 luerit
330 2122 501 2203 servatus,
519 2124 559 2186 ut
576 2135 681 2188 suum
701 2135 793 2187 anno
808 2102 936 2210 cuique
954 2112 1042 2187 foret
1061 2135 1189 2187 nomen
1200 2114 1225 2184 ².

257 2239 430 2328 Tandem,
449 2262 562 2337 quum
586 2238 769 2313 discordiis
798 2238 957 2313 civilibus
982 2237 1144 2313 exterrita
1171 2236 1277 2312 liber'-

173 2455 175 2459 Ι
206 2371 279 2453 tae,
296 2359 538 2436 Pharsalicam
554 2369 634 2458 post
651 2358 808 2450 cladem,
827 2358 955 2433 Italum
974 2358 1088 2433 solum
1108 2357 1276 2447 deseruit,

206 2482 414 2558 vati'nostrc
440 2480 604 2557 excidunt
623 2478 738 2554 acerbi
757 2479 935 2576 iidemque
950 2477 1152 2575 eloquentes
1170 2500 1275 2574 ques-

207 2616 278 2680 tus.
295 2604 422 2679 Brutos
446 2603 517 2679 sere
535 2611 749 2693 exsecratur,
767 2601 827 2698 qui
848 2601 1043 2677 libertatem
1063 2611 1097 2674 et
1115 2599 1277 2675 consula-

210 2738 289 2804 tum
304 2728 527 2820 instituerant
552 2726 743 2823 Romaeque
769 2724 861 2800 bona
886 2723 1054 2798 dederant
1081 2723 1165 2796 clim
1183 2723 1276 2821 peri-

208 2861 304 2941 tura,
323 2861 357 2926 et
374 2872 526 2949 quorum
551 2849 722 2925 desiderio
748 2860 919 2924 aeternum
942 2846 1174 2936 cruciaretur,
1193 2868 1276 2920 cum

207 2973 325 3050 caeteri
343 2973 482 3073 populi,
510 2972 599 3047 nihil
626 2973 694 3047 tale
722 2972 872 3071 experti,
901 2993 964 3046 sua
994 2979 1086 3045 sorte
1104 2968 1276 3058 contenti,

206 3096 388 3197 placidum
406 3119 517 3173 aevum
535 3105 759 3194 peragerent:

317 3306 322 3325 .
362 3310 367 3323 .
408 3308 414 3324 .
434 3269 554 3339 Fugiens
570 3267 649 3325 civile
664 3265 754 3337 netas,
773 3264 949 3335 redituraque
963 3272 1103 3334 nunquam

314 3361 451 3437 Libertas,
466 3364 538 3422 ultra
553 3364 671 3435 Tigrim,
686 3362 864 3433 Rhenumque
880 3361 1011 3431 recessit,

315 3460 366 3532 llc,
379 3461 462 3518 toties
475 3460 662 3532 nobisjugulo
676 3460 808 3530 quaesita,
822 3461 954 3530 negatur,

316 3556 480 3613 Germanum
493 3555 705 3627 Scythicumque
720 3554 841 3625 bonum,
857 3567 908 3610 nec
923 3549 1035 3622 respicit
1050 3551 1121 3607 ultra

315 3649 473 3707 Ausoniam.
513 3693 519 3706 .
557 3635 575 3705 .’
605 3685 1114 3707 ............

312 3749 353 3806 De
366 3749 472 3819 Brutis,
485 3750 620 3818 Fortuna,
635 3760 745 3818 queror.
761 3745 833 3815 Quid
849 3749 973 3814 tempora
988 3742 1080 3812 legum

313 3843 442 3915 Egimus,
456 3847 504 3900 aut
516 3856 604 3900 annos
617 3856 632 3898 a
646 3836 764 3899 Consule
778 3853 877 3897 nomen
893 3834 1048 3894 habentes?

313 3939 421 3996 Felices
434 3938 551 4011 Arabes,
564 3938 707 4010 Medique,
719 3939 829 4008 anque
844 3934 944 4004 tellus,
1080 3921 1084 3927 ⁴

243 4147 251 4186 ¹
268 4147 402 4207 iliadem
414 4152 643 4222 maptstratuem
656 4146 807 4209 coactata.
817 4164 829 4201 n
851 4145 928 4218 (Tac.
945 4145 1034 4214 Aac,
1048 4139 1066 4196 l.
1082 4141 1107 4212 l,
1124 4155 1149 4198 c.
1165 4138 1204 4212 3.)

241 4243 379 4317 ²rtars,
392 4246 410 4302 t.
424 4247 456 4318 v,
468 4259 493 4303 v.
508 4251 575 4304 aaa.
