2970 5190
720 532 766 606 76

208 690 288 751 nata
308 678 340 751 vi
358 688 473 774 rapta,
498 699 561 750 suo
584 676 735 773 Apollini
758 677 942 751 admovet‘.l
966 678 1059 752 Num
1078 692 1275 755 anteactam

208 802 355 876 honeste
379 810 535 889 aetatem,
560 821 646 872 num
673 809 819 875 aeternas
841 810 1108 898 saeranctasque
1129 803 1276 901 pudoris

206 926 319 1025 leges,
338 950 426 1002 num
442 925 594 1024 denique
609 925 723 1000 divina
742 926 965 1024 humanaque
983 927 1099 1002 omnia
1109 929 1192 1027 jura
1207 942 1276 1006 tes·

206 1061 319 1141 tator,
334 1062 374 1126 ut
388 1050 525 1150 parenti
543 1051 709 1125 reddatur
723 1050 811 1140 filia,
825 1060 860 1124 et
873 1050 983 1125 Graeci
999 1050 1131 1126 debitas
1146 1051 1274 1128 imma·

206 1170 325 1245 nitatis
343 1170 476 1245 solvant
502 1171 649 1269 poenas?
675 1169 769 1243 Nihil
793 1170 921 1244 horum
939 1170 1109 1246 sacerdoti
1126 1172 1274 1247 venitin

206 1302 378 1382 mentem,
397 1314 463 1368 neo
491 1293 572 1367 talia
599 1315 724 1367 curare
744 1292 940 1390 Apollinem
965 1315 1048 1369 sane
1065 1293 1274 1386 arbitratum

205 1415 266 1490 sed
284 1416 390 1513 hujus
410 1424 548 1491 revocat
566 1414 610 1489 ad
626 1415 833 1489 memoriam
851 1415 1034 1512 pinguium
1049 1415 1273 1492 victimarum

205 1538 348 1613 odorem
367 1559 454 1635 quas
472 1537 524 1611 illi
542 1537 722 1636 quondam
740 1539 918 1628 mactavit,
934 1538 1034 1636 quasi
1047 1560 1195 1634 magnus
1215 1540 1274 1616 hic

204 1663 297 1738 Deus
308 1685 449 1737 suavem
460 1663 634 1761 exspirare
647 1663 791 1739 odorem
802 1662 964 1738 hahuerit
975 1663 1152 1761 antiquius
1165 1688 1272 1762 quarn

204 1785 309 1860 vitam
326 1787 518 1860 humanam
539 1786 769 1883 contemplari
786 1786 910 1861 rationi
930 1788 1230 1863 consentientem:

415 2003 448 2061 El
463 2001 495 2074 δή
510 2001 575 2062 ποτέ
589 2024 629 2060 τοι
644 2002 714 2061 κατὰ
727 2000 806 2062 πίονα
821 2000 896 2082 μηρί’
911 2000 977 2076 ἔκηα

345 2105 460 2184 Ταύρων
474 2107 516 2178 ἠδ’
532 2109 629 2186 αἰγῶν,
650 2106 709 2166 τόδε
725 2131 770 2185 μοι
786 2105 901 2190 κρήηνον
916 2105 1042 2187 ἐέλδωρί.

254 2305 331 2380 lllio
346 2307 382 2380 in
399 2307 518 2381 Iliadis
531 2308 610 2385 loco
626 2308 736 2383 Diana
751 2309 894 2401 AEtolis,
911 2310 1180 2410 AEtolorumque
1198 2314 1270 2410 regi

203 2428 352 2524 graviter
377 2428 558 2517 irascitur,
584 2428 724 2503 nullum
751 2428 846 2503 aliud
872 2430 918 2504 oh
934 2429 1068 2520 scelus,
1087 2431 1151 2504 nisi
1177 2433 1271 2531 quod

204 2551 339 2625 nullam
369 2550 435 2649 ipsi
463 2551 722 2626 immolaverint
746 2553 917 2643 hostiam,
938 2565 972 2628 et
993 2576 1121 2630 saevum
1144 2578 1271 2653 aprum

204 2674 364 2749 immittit
382 2675 443 2771 qui
461 2685 568 2750 totam
588 2676 776 2775 populetur
793 2678 989 2775 regionem:

341 2878 444 2968 Ὦρσεν
458 2887 502 2948 ἔπι
516 2885 631 2969 χλούνην
648 2893 694 2948 οῦν
709 2887 815 2967 ἄγριον,
830 2887 985 2967 ἀγρίοδοντα

339 2993 391 3062 Ὃς
405 2993 476 3054 κακὰ
492 2993 571 3054 πόλλ’
588 2993 724 3074 ἔρδεσκεν,
741 2993 806 3054 ἔθων
820 2995 915 3068 Οἰνῆος
927 2991 1016 3069 ἀλώην
1026 2995 1047 3055 ¹.

252 3195 336 3281 Quae
354 3205 472 3270 autem
489 3194 670 3284 homines,
686 3193 881 3271 Homericis
893 3193 1129 3294 temporibus,
1145 3195 1188 3271 de
1203 3197 1270 3274 diis

201 3302 503 3407 existimaverant,
521 3340 558 3391 ea
577 3316 765 3417 paulatim,
782 3316 1002 3415 philosophia
1020 3317 1271 3411 invalescente,

202 3438 346 3511 luerunt
363 3437 399 3510 in
421 3437 548 3511 melius
566 3436 769 3526 immutata3
788 3436 836 3510 ita
859 3445 916 3521 ut,
936 3436 1067 3512 Seneca
1092 3447 1126 3511 et
1147 3439 1270 3515 Persio

202 3565 426 3654 florentibus,
449 3563 643 3639 multorum
671 3573 805 3638 mentes
829 3563 892 3638 Dei
919 3563 1014 3638 unici
1041 3563 1270 3663 ejusdemque

202 3690 345 3789 perlecti
358 3689 573 3790 jamdudum
586 3688 771 3764 imbuisset
781 3689 911 3788 opinio.
928 3688 1012 3774 Quae
1028 3712 1109 3765 cum
1127 3691 1174 3764 ita
1193 3714 1270 3767 sese

202 3808 390 3900 haberent,
409 3809 624 3907 quicumque
654 3831 723 3882 non
750 3832 806 3883 res
831 3820 1002 3900 amente,
1028 3809 1070 3884 ab
1089 3811 1224 3902 animo,
1250 3837 1270 3887 a

200 3933 266 4007 vita
293 3934 445 4031 denique
479 3945 550 4008 tota
580 3933 808 4008 alienissimos
841 3931 1025 4010 scribendo
1055 3957 1271 4033 persequen-

238 4172 246 4210 ¹
262 4174 340 4230 Hom.
355 4171 401 4244 tl,
416 4174 434 4230 l.
448 4175 475 4245 l,
491 4188 516 4231 v.
531 4177 575 4233 4⁰.

238 4262 249 4300 Ξ
263 4263 355 4335 Idem,
369 4263 386 4319 l.
403 4265 450 4334 lll,
464 4280 489 4321 v.
503 4268 565 4322 539.
