2970 5190
643 561 690 634 25

134 728 196 818 let,
222 729 355 827 impetu
383 739 417 802 et
445 728 489 803 ad
513 727 686 803 feriendos
708 725 1031 826 permovendosque
1058 726 1197 802 animos

134 853 245 949 magis
274 853 560 944 accommodato,
584 876 655 928 non
683 864 801 927 tamen
826 851 902 926 sine
927 850 1061 925 libratis
1089 851 1199 925 artifi-
1231 834 1235 841 ’

133 973 226 1047 oiose
251 971 452 1047 sententiis:
473 973 624 1047 cUnum
650 972 828 1063 studium,
854 971 985 1069 inquit,
1009 994 1087 1045 vere
1111 971 1199 1048 libe·

132 1093 204 1168 rale
230 1103 297 1184 est,
315 1094 409 1191 quod
432 1094 587 1170 liberum
611 1094 709 1185 facit,
733 1095 801 1169 hoc
825 1093 1003 1191 sapientiae
1029 1093 1196 1185 sublime,

131 1220 236 1310 sorte,
251 1221 537 1316 magnanimum:
557 1229 680 1295 caetera
694 1218 821 1319 pusilla
839 1231 873 1294 et
890 1218 1036 1316 puerilia
1050 1221 1195 1293 sunt¹.r

86 1361 95 1376 ‘
132 1341 223 1415 'lum
239 1352 349 1438 poetae
361 1350 394 1414 et
408 1340 647 1437 grammatici,
671 1338 797 1413 musici
814 1348 849 1413 et
872 1348 1058 1434 geometrae
1083 1339 1198 1412 studio

110 1461 256 1538 'studiis
274 1461 358 1536 boni
376 1461 614 1559 sapientisque
642 1461 706 1535 viri
733 1471 932 1558 comparata
950 1459 1146 1558 deprimere
1165 1472 1199 1535 et

133 1581 322 1656 obscurare
337 1559 501 1655 conatur:
523 1579 845 1678 «Quaerit'Ulysses
861 1577 921 1652 ubi
937 1580 1116 1667 erraverit,
1132 1580 1197 1667 ait,
1275 1588 1282 1601 ’

131 1705 248 1803 potius
274 1726 381 1801 quam
409 1702 538 1778 efficias
556 1726 600 1778 nc
622 1725 686 1777 nos
711 1725 850 1799 semper
874 1722 1079 1776 erremus...
1106 1700 1197 1786 Quid

130 1827 279 1925 inquiris
298 1850 343 1901 an
361 1828 536 1926 Penelopa
552 1827 731 1926 impudica
748 1827 870 1915 fuerit,
889 1849 934 1900 an
949 1824 1052 1900 verba
1067 1825 1196 1899 saeculo

131 1949 299 2024 dederit...
322 1949 415 2025 Doce
432 1970 490 2025 me
505 1950 590 2048 quid
608 1950 653 2024 sit
667 1948 837 2048 pudicitia
854 1956 889 2022 et
910 1956 1082 2045 quantum
1099 1949 1138 2021 in
1156 1972 1196 2023 ea

129 2069 300 2144 honum...
322 2068 433 2144 Doces
451 2093 509 2144 me
527 2068 704 2166 quomodo
726 2068 818 2143 inter
839 2089 876 2143 se
893 2072 1004 2146 acutae
1019 2090 1059 2142 ac
1076 2090 1197 2166 graves

129 2209 230 2262 voces
249 2197 478 2263 consonent...
496 2189 568 2263 Fac
585 2189 702 2289 potius
721 2188 897 2287 quomodo
917 2187 1056 2262 animus
1073 2210 1196 2265 secum

131 2334 230 2387 meus
260 2322 445 2402 consonet,
473 2334 539 2388 neo
565 2313 711 2388 consilia
736 2336 813 2388 mea
843 2312 1075 2410 discrepent...
1105 2313 1196 2399 Quid

131 2430 218 2504 mihi
235 2431 378 2529 prodest
392 2431 482 2506 scire
500 2431 652 2528 agellum
667 2431 705 2505 in
717 2442 832 2530 partes
848 2432 1019 2523 dividere,
1034 2433 1062 2508 si
1079 2435 1196 2510 nescio

132 2577 214 2630 oum
231 2555 337 2629 fratre
351 2553 579 2630 dividerem»

178 2676 274 2751 Nihil
297 2686 357 2752 aot
374 2677 633 2767 subtiliuS,'aut
649 2661 814 2775 lepidius,
833 2686 895 2751 aut
914 2677 1037 2768 etiam,
1054 2681 1197 2755 mutatis

130 2802 320 2892 mutando,
346 2801 459 2876 verius
478 2801 643 2876 eumdem
668 2801 762 2898 apud
788 2810 967 2876 auctorem
991 2802 1059 2898 legi
1082 2812 1197 2899 potest

131 2946 238 3019 quam
254 2922 398 3022 epistola
423 2922 460 2996 in
482 2946 550 3021 qua
567 2922 745 3020 queritur,
761 2944 858 3010 eam,
878 2944 955 3018 quae
972 2922 1194 3023 philosophia

130 3034 215 3133 suit,
240 3044 367 3118 iactam
396 3064 471 3118 esse
498 3041 739 3142 philologiam.
771 3041 1023 3132 Grammatico,
1053 3054 1091 3118 ut
1119 3044 1194 3142 ipse

131 3165 393 3257 animadvertit,
419 3175 454 3240 ct
475 3163 684 3262 philosopho
703 3163 740 3260 lii
763 3162 946 3258 Virgiliani
969 3163 998 3238 si
1025 3165 1193 3265 propositi

130 3286 259 3362 suerint
275 3308 416 3360 versus:

236 3518 243 3533 .
282 3518 289 3533 .
328 3517 335 3532 .
373 3519 380 3533 .
509 3518 516 3532 .
553 3435 635 3546 Fugit
647 3473 826 3545 irreparabile
840 3477 961 3546 tempus.

235 3569 344 3640 optima
357 3581 473 3640 quaeque
486 3567 546 3626 dies
559 3569 667 3626 miseris
680 3567 843 3626 mortalibus
857 3568 908 3625 aevi

200 3672 202 3676 ’
235 3664 324 3720 Prima
336 3663 420 3734 fugit,

129 3827 246 3904 etalio
273 3826 536 3926 hujuscemodi,
561 3849 683 3925 quam,
707 3849 778 3902 non
804 3827 882 3901 dico
910 3826 1106 3916 contraria,
1132 3828 1193 3902 sed

128 3953 277 4042 diversa,
297 3963 331 4029 et
354 3953 452 4028 nulla
477 3975 517 4028 ex
544 3963 642 4050 parte
669 3953 897 4051 congruentia
925 3953 1035 4028 nostri
1061 3953 1098 4026 hi
1124 3954 1193 4027 duo

164 4196 172 4233 ¹
189 4198 252 4253 Seu.
267 4199 331 4269 Ep,
345 4203 387 4254 88.

165 4291 176 4330 ²
188 4293 277 4351 Idem.
