2970 5190
552 517 668 614 *ar

103 666 251 740 neadem
276 676 310 740 et
336 665 569 764 Chrysippum
598 667 772 757 incertus,
803 667 847 744 ab
875 667 1062 743 Academia
1090 681 1170 744 eta

101 787 245 861 Pontico
271 787 397 885 aequali
419 788 491 862 lere
508 788 620 886 spatio
646 789 817 881 distabat;
842 813 924 866 eum
950 791 1069 865 multis
1091 813 1172 866 sen-

102 910 238 1002 tentiis,
255 932 275 986 e
288 910 480 987 stoicorum
494 911 678 1009 disciplina
693 911 859 1011 sumptis,
874 911 1076 1011 Menippeas
1094 913 1171 987 illas

102 1031 226 1105 satiras
244 1031 433 1128 aspersisse
447 1030 634 1105 verisimile
653 1041 716 1106 est.
734 1031 803 1106 Sed
818 1042 935 1106 umen
950 1031 1024 1118 ille,
1042 1031 1173 1107 Acade-

103 1143 280 1229 micorum
298 1176 413 1244 more,
430 1163 465 1229 et
482 1164 521 1228 ut
538 1154 599 1253 qui
617 1177 805 1251 germanus
824 1176 894 1229 non
913 1164 1004 1231 esset
1020 1156 1172 1246 stoicuS,

104 1273 189 1372 ipsis
214 1273 332 1361 stoicis
350 1296 421 1348 non
450 1295 588 1371 semper
613 1273 771 1375 pepercit
780 1299 789 1364 ;
808 1297 891 1348 nam
915 1274 952 1348 in
980 1275 1190 1374 sapientem

54 1474 55 1477 ,
106 1422 250 1490 eorum,
268 1400 329 1496 qui
342 1399 472 1475 dieitur
489 1399 584 1474 solus
600 1422 677 1488 rex,
694 1398 790 1473 solus
809 1399 943 1490 rhetor,
961 1423 1062 1475 suam
1077 1423 1174 1475 exer-

107 1522 180 1597 cuit
195 1521 434 1607 dicacitatem;
453 1520 767 1617 incredibilemque
782 1522 975 1617 praesertim
992 1522 1096 1597 istam
1112 1546 1174 1597 cu·

107 1646 305 1745 piditatem,
324 1658 485 1743 quatum
501 1646 604 1720 multi
622 1668 745 1720 eorum
768 1645 980 1743 flagrabant,
999 1646 1064 1722 sibi
1088 1668 1174 1721 oon-

107 1772 282 1850 sciscendi
301 1780 450 1846 mortem
462 1826 471 1858 ‚
485 1770 575 1868 jocis
594 1769 736 1843 tentavit
753 1769 978 1866 restinguere.

158 1895 310 1970 Caeteros
335 1914 416 1968 vero
433 1890 663 1990 philosophos
687 1913 757 1965 non
780 1891 1018 1988 indulgentius
1037 1891 1171 1966 habuit.

105 2014 200 2101 Quos
222 2014 449 2088 irreverenter
466 2021 501 2086 et
515 2010 725 2108 perridicule
743 2010 899 2109 depingit
922 2011 1171 2099 colluctanteS,

107 2157 238 2232 eosque
256 2133 322 2207 ait:
417 2169 421 2176 ·

213 2351 248 2410 llt
258 2351 286 2408 in
301 2348 381 2407 litore
393 2347 486 2406 canori
503 2345 627 2417 digitulis
639 2344 800 2415 primorihu’
815 2349 899 2402 stare.

155 2539 263 2631 Tum,
292 2531 478 2634 recognitis
511 2528 632 2610 eorum
650 2534 886 2634 opinionibus
912 2546 947 2610 et
971 2536 1171 2627 sententiis,

107 2663 226 2739 addit:
1101 2657 1110 2664 ’

406 2791 422 2825 0

211 2880 353 2938 Postremo
367 2889 448 2934 nemo
460 2878 581 2946 egrotus
596 2829 743 2946 quidnnam
757 2873 877 2930 somniat

211 2977 278 3035 'ram
292 2973 446 3046 infandum,
461 2973 535 3045 quod
554 2985 609 3029 non
623 2971 724 3043 aliquis
736 2970 812 3028 dicat
826 2970 1017 3043 philosophus.

154 3167 290 3243 ldcirco
314 3177 430 3241 autem
458 3165 651 3239 Varronem
676 3159 864 3258 aliquando
891 3159 1081 3235 stoicorum
1107 3162 1169 3236 de-

105 3302 198 3367 creta
216 3289 372 3364 versibus
390 3287 611 3386 explicavisse
630 3284 859 3374 crediderim,
877 3283 971 3380 quod
989 3283 1026 3357 in
1046 3283 1167 3374 satire,

104 3436 214 3511 eaque
232 3412 303 3486 lere
320 3410 393 3485 sola
412 3410 512 3508 cujus
535 3409 638 3506 plane
658 3416 822 3503 appareat
845 3405 1082 3504 propositum,
1105 3430 1168 3503 pro

105 3535 171 3608 hac
185 3532 376 3608 stoicorum
389 3532 480 3608 thesi
494 3539 709 3631 propugnat,
721 3551 843 3605 omnes
860 3528 994 3603 scilicet
1008 3527 1167 3602 homines

105 3675 180 3727 esse
197 3654 348 3727 insanos.
