2970 5190
685 547 707 616 b

159 687 354 784 vulgarium
372 711 412 762 ac
430 690 593 763 tritarum
619 690 826 786 opinionum
849 691 1120 787 contemptrice,
1151 694 1241 790 phi·

159 807 334 905 losophia,
361 811 472 904 magis
500 811 681 907 magisque
710 811 746 883 in
777 811 850 883 dios
875 823 1070 906 grassante,
1100 825 1137 886 et
1167 815 1239 888 sibi

158 952 236 1026 quae
250 930 293 1002 ad
313 941 475 1004 naturam
494 944 527 1006 et
540 956 616 1028 quae
632 931 675 1005 ad
694 932 965 1028 rempublicam,
985 957 1062 1029 quae
1080 933 1124 1007 ad
1146 936 1236 1010 reli-

158 1054 297 1149 gionem
316 1064 350 1127 et
369 1077 445 1151 quae
463 1055 505 1128 ad
528 1055 712 1129 historiam
730 1056 906 1152 pertinent
925 1055 1144 1143 vindicante,
1169 1059 1237 1132 ho-

158 1171 272 1246 mines
295 1172 463 1269 paulatim
490 1185 622 1247 exuunt
643 1185 772 1248 veteres
797 1197 937 1261 sensus,
957 1196 997 1246 ac
1016 1174 1122 1247 totius
1153 1177 1236 1249 vitae

158 1317 554 1392 summam,rerumque
583 1297 844 1370 universitatem
874 1296 975 1391 longe
1002 1296 1101 1369 aliter
1120 1309 1233 1394 atque

159 1403 258 1489 antea
278 1417 395 1490 animo
414 1428 447 1490 et
466 1418 673 1513 cogitatione
693 1418 1006 1514 comprehendunt.

204 1535 306 1632 Vulgi
324 1536 547 1634 opinionibus
565 1539 616 1611 sic
634 1538 826 1612 emendatis
841 1547 875 1610 et
892 1538 935 1610 ad
954 1549 1057 1610 rectae
1075 1537 1229 1612 rationis

157 1681 318 1733 normam
336 1662 522 1750 revocatis,
541 1660 583 1735 de
601 1661 712 1757 poetis
730 1660 815 1757 quid
837 1660 912 1732 lieri
930 1672 1059 1757 potest,
1084 1662 1146 1756 qui
1167 1685 1229 1736 se-

156 1783 349 1858 verioribus
368 1785 502 1858 artibus
525 1808 603 1859 vera
622 1785 801 1857 tractanda
827 1806 967 1881 semper
984 1784 1234 1881 reliquerunt,

157 1914 263 1976 elsua
278 1904 433 1977 carmina
448 1903 538 1977 fictis
548 1903 698 1977 intexere
708 1907 851 1977 solenne
866 1904 1083 1977 habuerunt?
1094 1903 1233 1978 Utrum

157 2025 307 2098 recentia
327 2026 519 2121 eademque
539 2048 615 2098 vera
637 2036 877 2114 contemnent,
896 2025 1051 2121 salsaque
1066 2035 1100 2099 et
1119 2009 1235 2102 obso-¹

158 2146 225 2220 leta
244 2148 458 2221 carminibus
476 2159 744 2245 persequentum
764 2170 807 2220 an
831 2171 918 2221 nora
941 2148 1006 2222 sibi
1025 2163 1235 2241 assument,

159 2288 237 2364 quae
253 2269 289 2342 in
306 2270 470 2371 operibus
485 2271 562 2343 novi
575 2271 711 2366 generis
727 2269 900 2357 evolvant,
917 2269 1236 2366 philosophorum·

159 2414 226 2488 que
248 2391 395 2465 induent
412 2415 592 2489 personas
613 2391 767 2465 imbutos
787 2392 1035 2488 philosophicis
1054 2393 1234 2468 institutis

160 2517 295 2591 animos
311 2518 353 2591 ad
369 2540 405 2592 se
420 2519 585 2591 tracturi?
603 2518 697 2590 luter
715 2517 971 2614 philosophica,
991 2540 1069 2612 qnae
1087 2519 1236 2613 potissi-

159 2663 259 2714 mum
275 2641 513 2737 usurpabunt,
532 2651 571 2714 ut
589 2641 740 2737 legentes
757 2663 826 2713 non
845 2641 960 2713 solum
980 2640 1146 2729 doceant,
1167 2643 1235 2717 sed

160 2760 264 2835 etiam
284 2772 444 2836 moveant
458 2784 498 2835 ac
516 2761 714 2836 delectent?
731 2759 822 2845 Quid
846 2759 1003 2856 pulchri,
1024 2758 1119 2833 verbi
1146 2784 1234 2855 gra-

159 2883 223 2972 tia,
243 2895 277 2957 et
291 2884 425 2981 poetico
444 2885 543 2980 quasi
558 2905 643 2957 sono
662 2881 918 2957 accommodati
932 2882 968 2955 in
987 2880 1094 2954 stoica
1113 2881 1233 2957 disci-

159 3001 253 3099 plina
267 3001 467 3076 invenient‘l
481 3001 570 3087 Quid
584 3002 620 3074 in
637 3025 674 3076 ea
692 3002 896 3076 aveteribus
911 3001 1020 3098 poetis
1033 3001 1107 3097 jam
1121 3016 1230 3079 antea

158 3119 225 3194 suit
238 3120 443 3194 inventum?
460 3120 542 3208 Qui,
560 3120 651 3194 inter
669 3143 832 3194 romanos
846 3132 960 3209 vateS,
979 3121 1126 3195 Zenonis
1147 3125 1231 3198 fon-

159 3249 230 3313 tem
247 3240 460 3337 primnribus
473 3240 663 3337 attigerunt
677 3240 806 3314 labris‘l
816 3240 882 3326 Qui
893 3242 1051 3315 secundis
1062 3242 1230 3337 ejusdem

158 3363 195 3437 in
213 3363 312 3460 aquis
338 3386 374 3438 se
401 3374 490 3439 totos
515 3362 742 3460 proluerunt‘l
766 3364 811 3435 Et
839 3386 944 3459 quem
969 3365 1098 3436 exitum
1118 3365 1177 3439 his
1194 3379 1231 3442 et

157 3482 226 3557 illis
244 3505 299 3557 res
318 3482 462 3557 hahuit‘l
482 3481 565 3557 Haec
592 3483 709 3556 omnia
734 3482 819 3556 mihi
850 3482 1013 3579 cogitanti
1041 3482 1084 3555 de
1109 3487 1228 3579 poetis

157 3607 273 3682 latinis
288 3608 565 3684 stoicissantibus
584 3610 637 3707 (ut
650 3608 754 3684 verbo
772 3618 851 3682 utar
865 3608 958 3706 apud
970 3608 1126 3704 Lipsium
1148 3613 1226 3685 usi—

156 3729 368 3827 tatissimo¹l
397 3729 605 3826 inquirenda
635 3739 881 3817 occurrerunt,
909 3750 972 3801 neo
1001 3728 1127 3800 minori
1147 3732 1224 3804 visa

155 3863 237 3924 sunt
250 3852 365 3926 studio
379 3851 483 3949 digna
499 3875 604 3948 quam
618 3874 673 3924 res
686 3851 760 3947 ipsa
774 3850 817 3923 ad
833 3872 939 3946 quam
953 3848 996 3922 ab
1009 3849 1108 3922 initio
1121 3874 1226 3947 spec·

155 3980 322 4063 taveram,
341 3973 387 4047 ita
406 3984 445 4047 ut
472 3996 542 4047 non
570 3972 685 4047 solum
705 3971 789 4079 quid
815 3970 1037 4068 philosophia
1056 3972 1223 4067 quaedam

190 4241 197 4278 ¹
209 4242 279 4300 Just.
293 4243 414 4315 Lipsius,
431 4239 616 4300 Mauudcctio
628 4241 672 4299 cd
682 4245 804 4299 stoicam
812 4240 1043 4313 philosophatur,
1053 4246 1179 4312 pressim.
