2970 5190
730 500 804 575 tel

234 647 365 723 habere
381 670 589 737 commune,
611 647 814 722 memineris
841 645 968 721 stoicos
992 667 1169 720 summam
1188 646 1303 722 animi

235 772 400 848 virtutem
417 766 553 847 actione
575 773 764 846 terminare
781 770 922 860 solitos,
943 780 979 844 et
999 791 1039 842 ea
1060 768 1303 858 contentione,

234 918 342 994 quam
355 904 545 975 ἐπίστασιν
562 894 801 969 nominabant.
818 893 991 968 Caeterum
1011 891 1246 982 Plutarchus,
1258 893 1304 967 de

235 1019 354 1094 stoicis
372 1018 459 1091 dum
476 1018 648 1114 loquitur,
661 1018 712 1090 eis
727 1017 818 1090 hanc
836 1015 1044 1090 sententiam
1059 1014 1210 1114 propriis
1228 1038 1303 1090 ver·

233 1141 289 1216 bis
312 1140 500 1214 adscribit:
521 1142 626 1232 τόξον
643 1172 709 1239 μεν
721 1141 791 1244 γὰρ
809 1139 871 1236 (ὥς
885 1137 1011 1246 φασιν)
1024 1137 1303 1238 ὼτιτεινόμενον,

232 1261 420 1368 ῥήγνυται,
438 1261 540 1364 ψυχὴ
556 1267 599 1338 δέ
613 1260 789 1362 ἀνιεμένη.

281 1382 365 1468 ouae
382 1383 482 1457 stoici
500 1381 692 1480 saepissime
709 1381 826 1456 dixere
841 1381 884 1454 de
908 1379 1009 1454 coecis
1027 1379 1137 1454 animi
1160 1379 1304 1478 cupidi-

233 1507 355 1596 nibus,
370 1529 427 1580 eas
449 1505 608 1580 videlicet
625 1505 751 1579 rationi
770 1526 981 1601 repugnare,
1009 1504 1264 1600 hominemque
1284 1527 1304 1578 a

232 1639 326 1701 reeta
342 1627 516 1702 deducere
532 1626 605 1715 via,
620 1625 743 1700 eadem
754 1625 791 1699 in
810 1625 865 1698 his
879 1645 1020 1721 quoque
1037 1624 1076 1698 P.
1095 1624 1172 1721 Syri
1191 1625 1303 1699 versi-

233 1747 299 1824 bus
322 1748 585 1848 deprehendas:

375 1943 469 1999 lmare
483 1947 512 1997 et
522 1953 620 2011 sapere
631 1940 676 1996 vix
690 1941 747 1996 beo
760 1939 931 1996 conceditur.

374 2033 487 2090 Adulter
499 2038 543 2090 est
553 2033 649 2090 uxoris
660 2038 766 2089 amator
777 2033 878 2089 acrior.

374 2130 470 2187 Omnis
482 2129 625 2202 voluptas,
638 2143 838 2201 quemcunque
852 2129 963 2198 arrisit,
975 2135 1066 2187 nocet.

282 2296 472 2394 Nunquam
490 2296 581 2370 Zeno
604 2296 744 2395 planius
766 2320 807 2372 ae
832 2297 958 2372 melitis
982 2297 1018 2370 in
1044 2297 1164 2372 schola
1192 2321 1303 2395 qnam

232 2419 382 2495 Publius
408 2421 444 2494 in
463 2421 598 2495 theatro
616 2421 777 2496 homines
795 2422 917 2495 docuit
935 2423 1142 2510 honestum,
1160 2422 1302 2496 etiamsi

232 2565 304 2617 non
318 2542 497 2632 laudetur,
514 2565 590 2617 esse
605 2553 722 2618 tamen
738 2543 923 2618 laudabile.
943 2543 1025 2619 Haec
1050 2545 1144 2618 enim
1170 2545 1302 2620 mimo-

231 2666 386 2764 graphus
401 2676 518 2739 noster
533 2666 575 2739 ad
591 2688 732 2740 caveam
749 2666 951 2740 emittebat:
968 2699 976 2712 1

371 2857 554 2914 Conscientiae
566 2856 660 2926 potius
672 2870 754 2927 quam
767 2855 847 2913 lamae
859 2855 1020 2913 attenderis.

372 2951 443 3021 Quid
456 2952 514 3023 ipse
527 2952 585 3019 sis,
601 2965 655 3008 uon
670 2952 735 3022 quid
751 2951 892 3022 babeatis,
907 2953 1032 3008 interest.

371 3051 457 3118 Quam
471 3063 598 3119 magnum
609 3053 652 3106 est
665 3061 722 3105 non
736 3048 857 3119 laudari,
871 3062 933 3105 esse
947 3047 1126 3104 laudabilem!

231 3227 266 3291 et
280 3217 388 3292 multa
408 3217 490 3308 alia,
508 3241 587 3315 qnae
603 3219 746 3295 Senecae
763 3219 954 3309 cothurno,
973 3221 1083 3316 magis
1096 3243 1203 3317 quam
1220 3222 1299 3319 Syri

232 3341 523 3430 socco,fuissent
537 3342 653 3437 digna.
770 3407 772 3410 ,

281 3464 370 3538 Cum
384 3463 467 3538 hinc
480 3464 632 3539 Annaeus
647 3465 796 3554 Seneca,
808 3476 847 3538 ut
861 3465 921 3562 qui
936 3476 1181 3562 exaggeratum
1193 3478 1230 3541 et
1242 3480 1302 3544 tu·
1366 3510 1370 3517 ·

232 3589 369 3664 midum
395 3590 535 3665 dicendi
550 3612 686 3687 genus,
713 3590 805 3664 sicut
827 3590 983 3688 plerique
1010 3592 1168 3688 ejusdem
1185 3595 1300 3670 etatis

231 3712 437 3810 scriptores,
462 3723 740 3802 consectaretur,
764 3714 882 3786 omnia
911 3713 980 3787 sive
1010 3714 1053 3787 ad
1084 3736 1198 3789 mores
1227 3718 1300 3792 sive

232 3833 275 3906 ad
291 3844 451 3906 naturam
471 3831 663 3929 spectantia
686 3831 800 3905 verbis
820 3833 857 3906 in
871 3821 985 3930 maJ'ns
1005 3833 1181 3922 extulerit,
1199 3834 1301 3910 illine

231 3955 332 4027 stoici
355 3977 392 4027 se
417 3954 597 4026 hominem
620 3976 724 4052 supra
750 3954 903 4028 humana
928 3956 1059 4050 erigere
1091 3979 1191 4053 posse
1214 3979 1300 4054 pro-

230 4075 311 4147 fessi
327 4075 471 4162 luerint,
486 4074 559 4171 jam
573 4073 702 4147 multos
719 4074 793 4147 haec
808 4068 958 4171 pervasit
973 4074 1090 4171 opinio
1106 4075 1300 4151 stoicorum

230 4199 451 4294 disciplinam
464 4199 499 4272 in
513 4198 655 4273 Senecae
669 4198 886 4274 carminibus
900 4221 1072 4297 occupare
1084 4200 1299 4296 praeeipuam

28 4834 31 4838 -
64 4754 284 4880 A
