2970 5190
612 489 659 562 27

151 629 358 727 Diligentius
384 641 502 706 tamen
528 655 604 707 rem
631 634 867 709 consideranti
897 633 1014 707 minus
1045 630 1168 705 litteris

104 749 256 825 obfuisse
274 773 381 846 qnam
406 752 577 847 profuisse
604 753 794 828 stoicorum
813 752 1037 850 disciplinam
1054 750 1169 824 mani-

104 872 229 947 festum
248 882 309 946 est.
328 871 418 946 Nam
438 864 560 949 litterae
575 875 629 949 bis
645 876 715 951 fere
729 874 949 972 temporibus
965 873 1168 970 viguerunt,

103 1018 214 1092 quum
238 996 415 1094 antiquius
434 999 527 1094 quod
546 999 722 1089 dicerent,
747 1021 853 1096 quam
872 997 1049 1096 quomodo
1073 997 1168 1072 dice-

102 1129 195 1208 rent,
220 1119 407 1218 scriptores
429 1120 639 1195 habuerunt.
667 1121 773 1218 Atqui
799 1121 960 1195 homines
981 1121 1055 1220 jam
1079 1129 1168 1194 totos

101 1238 215 1312 verbis
234 1236 368 1312 deditos
394 1239 556 1313 Porticus
583 1239 627 1313 ad
653 1263 709 1314 res
737 1241 922 1331 revocavit,
951 1239 1078 1336 quibus
1096 1261 1167 1313 non

103 1357 289 1455 subjectiS,
308 1358 412 1438 verba
438 1359 543 1433 inane
561 1359 740 1457 quoddam
767 1370 906 1449 sonant,
925 1360 1019 1456 quod
1036 1345 1164 1457 puero-

104 1503 184 1553 rum
199 1479 334 1577 impetu
347 1481 457 1577 magis
467 1503 574 1578 quam
588 1481 744 1583 virorum
756 1481 889 1580 judicio
905 1480 1163 1578 comprobetur.

103 1601 161 1674 Sic
180 1601 369 1676 christiana
389 1602 530 1699 religi0,
549 1626 631 1678 cum
655 1604 782 1702 pagani
804 1616 980 1693 auctoreS,
999 1604 1168 1700 neglectis
1217 1649 1220 1656 ·

103 1722 268 1796 omnibus
296 1747 373 1820 quae
400 1724 441 1797 ad
471 1748 527 1798 res
554 1725 647 1825 ipsas
673 1726 902 1823 pertinerent,
922 1727 965 1800 de
981 1725 1168 1801 verborum

103 1849 356 1946 significatione
393 1847 468 1923 sine
498 1849 569 1923 line
604 1849 814 1924 dissererent
845 1862 880 1924 et
908 1849 1168 1948 interpretanda

104 1975 195 2048 circa
218 1972 385 2047 vocabula
414 1997 552 2072 semper
577 1985 814 2067 morarentur,
840 1998 895 2050 res
921 1985 956 2050 et
980 1975 1169 2049 sententias

102 2097 168 2173 sibi
186 2097 353 2194 sumpsit,
372 2097 569 2194 animisque
586 2107 621 2171 et
638 2097 815 2173 mentibus
832 2120 957 2173 novam
977 2120 1038 2195 per
1061 2096 1169 2171 disci-

102 2217 235 2314 plinam
253 2217 441 2307 renovatiS,
460 2217 514 2290 his
533 2217 638 2292 veluti
666 2241 685 2292 e
712 2217 867 2293 lontibus
894 2240 981 2292 nova
1009 2227 1043 2291 et
1059 2217 1168 2292 ubera
1209 2260 1214 2267 .

103 2340 298 2414 litterarum
316 2340 458 2414 deduxit
475 2362 613 2437 genera.
633 2341 661 2414 Ε
679 2340 892 2415 sublimibus
910 2340 1006 2415 enim
1029 2350 1169 2415 senten—
1227 2374 1230 2378 -

104 2459 160 2532 tiis
177 2460 424 2557 generosisque
448 2483 487 2534 ex
514 2459 713 2548 affectibus,
739 2461 856 2558 potins
884 2483 990 2557 quam
1015 2482 1055 2534 ex
1072 2459 1169 2534 tenui

102 2581 289 2656 verborum
304 2605 388 2656 cura
406 2582 529 2658 litterae
547 2582 630 2656 oriri
645 2594 680 2658 et
697 2606 861 2658 emanare
878 2584 1003 2658 solent.
1143 2676 1146 2681 Α

151 2705 345 2803 Siquando
371 2705 471 2780 stoici
499 2706 542 2780 de
567 2706 664 2803 poesi
682 2716 716 2780 et
740 2705 939 2802 eloquentia
961 2705 1066 2802 paulo
1083 2703 1170 2778 libe-

103 2827 176 2902 rius
190 2827 463 2917 maledixerunt,
478 2837 656 2901 tantorum
673 2826 826 2900 virorum
840 2825 944 2900 verba
957 2826 998 2900 ad
1018 2825 1169 2900 litteram
1265 2892 1267 2896 .

102 2951 324 3048 interpretari
342 2951 473 3040 nolim,
498 2951 558 3026 sed
584 2973 623 3024 ea
641 2948 744 3054 velim
762 2932 938 3024 mitiorem
958 2950 993 3039 in
1013 2959 1170 3047 partem,

101 3085 141 3146 nt
156 3074 195 3146 fit
213 3096 296 3147 cum
311 3072 353 3147 de
367 3073 495 3148 nostris
507 3073 646 3172 agitur,
661 3072 885 3170 potissimum
900 3072 1068 3170 accipere.
1083 3071 1169 3157 Quis

102 3216 260 3289 unquam
278 3193 312 3267 in
333 3194 570 3290 eloquentiam
584 3203 705 3286 sancto
719 3191 829 3267 Paulo
848 3191 1089 3266 vehementius
1111 3191 1168 3264 in-

102 3324 220 3387 vectus
245 3313 320 3387 est?
336 3312 420 3398 Quis
440 3313 633 3413 majoribus
659 3313 797 3412 probris
820 3314 1013 3386 humanam
1032 3313 1170 3409 sapien-

103 3434 187 3508 tiam
205 3446 257 3510 est
284 3436 499 3511 insectatus?
515 3435 655 3510 Nemini
682 3444 800 3508 tamen
818 3434 911 3507 venit
934 3434 971 3506 in
994 3444 1170 3522 mentem,

102 3576 165 3628 seu
194 3577 363 3651 magnum
391 3555 493 3629 illum
519 3555 648 3644 virum,
667 3577 729 3628 seu
755 3554 876 3650 Patres
901 3552 1088 3642 Ecclesiae,
1107 3575 1170 3627 seu

103 3692 264 3756 nostrum
282 3684 400 3782 ipsum
417 3683 660 3772 Bossuetium,
679 3681 779 3779 cujus
797 3681 833 3754 in
853 3679 1070 3755 orationibus
1089 3679 1169 3753 talia

104 3802 251 3875 crimina
270 3802 396 3901 saepius
415 3803 586 3882 iterantur
610 3813 644 3876 et
661 3812 841 3889 resonant,
857 3823 941 3874 cum
965 3798 1081 3873 omnis
1099 3800 1169 3873 bu-

104 3926 282 4000 manitatis
295 3938 329 4001 et
340 3927 455 4001 cultus
468 3949 602 4016 osores,
615 3937 692 4000 tum
705 3923 1050 4024 praesertim'dieendi
1066 3915 1171 4021 atque

102 4049 320 4145 intelligendi
339 4050 471 4124 artibus
490 4050 654 4124 inimicos
673 4048 883 4123 existimare.
899 4045 1046 4138 Omnes,
1065 4048 1171 4146 idque

103 4194 174 4245 non
193 4172 337 4270 injuria,
356 4172 410 4246 his
435 4173 471 4246 in
496 4170 830 4270 reprehensionibus
845 4169 980 4258 vident,
1001 4171 1096 4266 quod
1115 4193 1170 4245 res
