2948 5220
777 460 850 533 tos

284 602 511 701 scriptorem,
528 600 579 676 sic
596 600 756 676 Persium
784 600 909 677 habuit
925 610 1083 701 poetam,
1105 602 1184 677 exili
1209 625 1293 680 sane
1317 615 1353 679 et

284 724 453 815 obscuro,
471 722 533 798 sed
559 721 630 797 acri
654 733 688 798 et
712 745 833 821 presso
858 721 998 798 dicendi
1015 744 1141 820 genero
1159 724 1351 822 insignem,

284 869 350 922 nec
368 847 428 945 qui
444 846 563 921 locum
582 847 673 920 inter
687 855 802 921 tantos
818 845 909 921 viros
924 845 1112 938 obtineret,
1130 870 1243 945 quum
1259 848 1350 939 vita,

283 981 358 1046 tum
388 971 545 1070 scriptis,
572 969 716 1044 omnino
741 969 937 1068 indignum.
971 969 1060 1044 Cum
1086 970 1260 1063 Thrasea,
1288 971 1349 1048 illo

282 1090 443 1165 omnium
461 1089 649 1188 exemplari
671 1088 859 1181 virtutum,
885 1089 1051 1165 affinitate
1082 1091 1310 1187 conjunctus,
1330 1116 1350 1166 a

270 1215 457 1306 Cornuto,
472 1214 545 1288 viro
568 1215 661 1289 bono
679 1224 712 1288 et
735 1213 891 1312 sapiente
909 1214 953 1314 (si
971 1214 1049 1313 quis
1069 1238 1226 1314 unquam
1251 1216 1348 1316 fuit),

281 1338 450 1412 educatus
466 1337 609 1413 Persius
627 1317 746 1413 noster
769 1360 835 1412 nec
859 1338 973 1412 affinis
990 1338 1209 1415 dedecoravit
1226 1349 1348 1416 aucto·

281 1465 419 1539 ritatem
438 1488 503 1541 nec
520 1465 688 1562 magistri.

328 1586 406 1683 Ipse
424 1585 478 1661 sui
502 1586 612 1684 ipsius
630 1607 746 1660 veram
766 1608 806 1660 ac
830 1585 1021 1683 genuinam
1039 1587 1202 1685 (inscius,
1222 1590 1345 1679 oredo,

279 1720 313 1785 et
331 1711 467 1803 invitus)
488 1710 710 1785 adumbravit
735 1710 944 1807 imaginem,
968 1711 1134 1809 magistro
1162 1712 1346 1811 eidemque

280 1833 394 1907 amico
420 1833 515 1908 iliam
545 1833 732 1909 scribendo
755 1834 917 1924 satiram,
936 1843 1039 1907 tantae
1062 1823 1181 1932 'gloriae
1205 1835 1346 1935 utrique

278 1956 451 2046 futuram,
469 1955 504 2028 in
522 1978 589 2053 qua
604 1955 797 2050 ingenuum
816 1977 857 2030 ac
873 1954 1063 2030 candidum
1078 1955 1260 2055 explicavit
1272 1959 1346 2031 ani-

279 2100 378 2153 mum
406 2088 510 2176 atque
539 2079 682 2154 intimos
714 2103 838 2154 sensus
868 2079 1006 2178 penitus
1039 2082 1198 2155 excussit.
1228 2083 1346 2158 Poetae

278 2202 415 2277 dicendi
447 2225 557 2300 genus
586 2202 795 2302 plerumque
830 2203 936 2300 paulo
970 2203 1121 2278 severius
1154 2214 1189 2277 et
1221 2206 1345 2282 durius

277 2325 460 2400 mitescere
478 2336 512 2400 et
529 2324 734 2400 mollescere
753 2326 907 2418 videtur,
925 2326 1011 2401 dum
1032 2326 1092 2403 ille
1104 2338 1251 2405 testatur
1269 2318 1357 2405 sin-v

276 2450 435 2547 gularem
459 2472 564 2525 suum
588 2474 669 2547 erga
695 2450 892 2527 Cornutum
917 2474 1093 2546 amorem,
1112 2455 1198 2530 dum
1224 2468 1346 2533 narrat

276 2582 448 2670 quantum
464 2573 494 2649 ei
515 2572 691 2665 debuerit,
706 2598 812 2672 quam
831 2575 1048 2651 familiariter
1065 2599 1105 2652 eo
1123 2579 1228 2654 fuerit
1240 2603 1343 2671 usuS,

276 2706 311 2772 et
339 2719 446 2794 qoam
479 2695 644 2789 feliciter,
671 2697 734 2770 toti
768 2697 875 2772 dediti
908 2699 1086 2797 sapientiae
1111 2701 1246 2793 studio,
1273 2727 1342 2778 una
1418 2779 1424 2785 ,

274 2821 430 2897 vixerint.
450 2821 535 2906 Quae
553 2820 699 2918 legendo
716 2822 912 2896 Cornutum
928 2823 1024 2898 dicas
1039 2825 1255 2901 sacerdotem
1274 2828 1341 2903 ho-

275 2946 389 3020 mines
407 2945 450 3020 ad
469 2968 645 3020 summam
665 2956 699 3021 et
723 2947 912 3046 perfectam
931 2949 1094 3025 virtutem
1112 2951 1341 3051 dirigentem

271 3064 434 3138 Persium
448 3074 565 3140 autem
580 3065 744 3163 juvenem
766 3068 841 3165 ejas
861 3069 1014 3145 consiliis
1028 3071 1103 3168 jam
1121 3073 1348 3178 sapientissi-v

274 3210 374 3262 mom
387 3199 421 3263 et
435 3189 698 3265 sanctissimum
712 3191 887 3267 effectum.
902 3193 967 3268 Hic
980 3193 1073 3271 illius
1087 3196 1341 3275 beneficiorum

272 3310 405 3385 mirum
429 3311 465 3384 in
484 3312 629 3386 modum
649 3335 685 3387 se
705 3325 845 3412 praestat
865 3339 1074 3411 memorem,
1094 3331 1128 3396 et
1145 3334 1274 3420 quanta
1296 3327 1342 3401 sit

273 3457 346 3510 suae
364 3457 443 3534 pars
461 3435 586 3511 animae
604 3437 720 3535 palam
736 3449 902 3514 testatur:

379 3633 422 3691 Me
436 3632 485 3690 tibi
498 3634 643 3704 supposui.
663 3635 785 3692 Teneros
804 3640 833 3693 tu
850 3637 971 3708 suscipis
984 3651 1073 3695 annos

379 3727 536 3796 Socratico,
552 3729 687 3800 Cornuto,
703 3729 775 3785 sinu.
792 3731 869 3787 Tunc
883 3730 976 3789 fallere
990 3733 1079 3790 solers

378 3818 508 3888 opposita
522 3819 641 3877 intortos
654 3821 777 3880 extendit
788 3824 884 3894 regola
896 3837 1000 3898 mores,

379 3917 413 3973 Et
425 3917 558 3986 premitur
570 3920 676 3976 ratione
688 3919 811 3987 animus,
822 3922 949 3994 vincique
962 3924 1070 3983 laborat

378 4009 568 4082 artioremque
582 4016 630 4071 too
643 4012 720 4070 ducit
733 4014 785 4072 sub
800 4015 900 4086 pollice
913 4016 1017 4080 vultum
1030 4018 1046 4076 ¹.

309 4200 316 4236 ¹
332 4201 406 4257 Pers.
421 4203 495 4271 Soa,
509 4203 540 4269 V,
555 4219 578 4259 v.
594 4209 637 4262 36.
