2970 5190
715 475 761 547 32

213 623 286 695 sius
303 620 434 694 mirum
454 619 608 716 depinxit
623 618 659 692 in
678 619 841 708 modum,
855 630 890 693 cl
904 617 1070 694 aculeatis
1089 620 1206 696 verbis
1224 623 1281 700 sic

209 749 415 839 persecutus
432 751 501 813 est:

313 956 502 974 .....
540 945 546 959 ·
587 955 593 968 .
614 912 684 969 Ecce
698 912 773 969 luter
784 913 883 984 pocula
897 921 1024 984 quarunt

315 1009 465 1091 Romulida
478 1008 564 1065 saturi
578 1009 644 1079 quid
657 1008 701 1064 dia
714 1015 840 1079 poemata
854 1017 974 1068 narrent.

314 1108 364 1164 Hic
378 1107 492 1177 aliquis,
506 1106 550 1163 cui
564 1106 668 1162 circum
681 1106 811 1163 humeros
824 1108 1001 1179 hyacinthina
1013 1110 1083 1167 laeua
1095 1116 1152 1183 est,

315 1200 495 1257 Rancidulum
509 1198 637 1270 quiddam
650 1198 731 1257 balba
745 1199 779 1257 de
794 1214 859 1257 nare
872 1201 995 1274 locutus,

314 1299 465 1371 Phyllidas,
481 1298 657 1370 Hypsipylas
671 1304 763 1355 vatum
777 1303 805 1355 et
817 1300 950 1371 plorabile
963 1301 987 1357 si
1001 1301 1067 1372 quid

313 1395 436 1466 Eliquat,
450 1399 478 1451 et
490 1400 586 1450 tenero
601 1394 760 1465 supplantat
773 1395 854 1452 verba
867 1396 958 1466 palato
972 1396 990 1452 ¹.

256 1552 348 1638 Quid
366 1553 458 1651 quod
479 1551 620 1650 pessimi
638 1552 695 1626 isti
713 1562 842 1649 poeta,
862 1573 932 1625 non
957 1551 1073 1627 solum
1089 1544 1277 1647 scribunt,

208 1672 294 1747 nihil
318 1672 411 1771 qpod
436 1670 592 1746 scribant
617 1670 801 1760 habentes,
821 1670 863 1745 de
888 1670 1019 1768 ingenii
1048 1671 1140 1745 laura
1167 1675 1277 1748 unice

203 1795 360 1886 solliciti;
375 1793 453 1884 sed,
465 1804 506 1868 ut
521 1793 723 1868 auditorum
734 1793 862 1868 certius
874 1791 941 1867 sibi
952 1792 1140 1868 concilient
1152 1794 1278 1869 sullra-

202 1919 277 2016 gia,
296 1939 419 1992 eorum
438 1916 599 1991 sensibus
618 1915 775 1990 serviunt
793 1925 827 1990 et
844 1916 887 1990 ad
905 1915 1159 1991 blandiendum
1180 1918 1275 1992 vitiis

206 2050 295 2115 totos
310 2064 346 2115 se
359 2040 654 2115 accommodant?
670 2039 795 2114 Nonne
814 2040 888 2131 hic,
907 2063 1018 2138 quum
1035 2041 1079 2116 de
1096 2042 1274 2134 moribus,

206 2173 282 2238 tum
301 2163 344 2239 de
362 2162 564 2239 liberalibus
583 2162 716 2238 artibus
738 2164 828 2240 bene
846 2176 1018 2255 meretur,
1045 2165 1124 2264 qui,
1144 2166 1274 2242 talibus

206 2289 317 2387 poetis
336 2290 433 2364 omni
452 2290 663 2364 contumelia
679 2290 823 2378 vexatis,
842 2289 975 2387 poesim
990 2291 1102 2388 ipsam
1118 2301 1274 2388 prostra-

206 2419 278 2483 tam
292 2419 326 2484 et
336 2408 512 2504 dignitatis
526 2409 769 2484 immemorem
784 2409 906 2483 nititur
917 2409 1081 2501 excitare,
1095 2411 1169 2486 etei
1180 2435 1273 2509 prae-

207 2527 355 2602 stantius
371 2526 538 2603 adscribit
551 2529 704 2603 munus?
718 2528 908 2626 Nunquam
921 2529 1017 2605 enim
1035 2531 1129 2627 quod
1146 2532 1221 2607 v'ult
1237 2535 1272 2611 id

208 2659 443 2746 consequetur
455 2649 587 2748 poesis,
604 2659 660 2738 ut,
678 2649 791 2723 efficta
807 2648 959 2746 quadam
977 2649 1100 2724 divinae
1112 2652 1273 2749 pulchri-

209 2772 337 2848 tudinis
351 2771 519 2870 imagine,
535 2772 720 2846 hominurn
735 2783 868 2846 mentes
880 2773 977 2870 juvet
990 2782 1024 2846 et
1038 2773 1273 2870 permulceat,

206 2897 255 2987 si,
274 2897 486 2995 coquinariae
499 2895 583 2971 artis
601 2897 687 2971 saeta
706 2895 967 2994 quodammodo
981 2897 1121 2987 aemula,
1141 2901 1273 2998 turpis-

200 3020 332 3095 'simam
347 3042 524 3118 quamque
538 3019 692 3117 corporis
708 3028 842 3118 partem
858 3019 972 3093 solum
987 3019 1184 3095 titillaverit.
1201 3022 1272 3098 Ila-

207 3161 275 3237 quo
288 3162 451 3236 magnam
466 3139 553 3214 mihi
569 3149 709 3214 movent
721 3139 987 3215 admirationem
1002 3141 1178 3233 carmina,
1194 3145 1272 3240 qui·

206 3263 272 3338 bus
290 3263 431 3337 Persius
447 3263 659 3362 perniciosas
677 3263 760 3337 istas
775 3262 922 3361 ineptias
939 3263 1144 3339 insectatur:

310 3463 423 3522 Scilicet
435 3463 493 3520 baec
510 3462 612 3534 populo
629 3474 769 3534 pexusque
783 3465 847 3533 toga
860 3463 980 3534 recenti,

312 3558 346 3616 Et
360 3556 482 3613 natalitia
497 3554 605 3612 tandem
618 3569 680 3612 curu
693 3554 864 3625 sardonyche
876 3555 972 3625 albus,

310 3653 381 3711 Sede
395 3653 469 3723 leges
487 3651 576 3724 celsa,
590 3650 693 3723 liquido
707 3664 789 3721 quum
804 3650 936 3722 plasmate
948 3657 1044 3724 guttur

309 3749 411 3810 Mobile
424 3748 568 3821 cubuerit,
583 3748 702 3818 patranti
717 3746 823 3805 tractus
836 3747 950 3806 ocellol.

238 4120 247 4158 ¹
262 4120 337 4178 Pers.
351 4124 424 4194 Sat,
438 4124 464 4195 1,
477 4137 501 4179 v.
517 4127 562 4180 30.

239 4214 353 4286 tudem,
367 4229 392 4273 v.
407 4220 452 4273 l5.
