2970 5190
705 497 777 570 lli

317 639 450 696 Possidet.
466 641 541 697 fleu!
556 641 670 698 Steriles
681 641 752 708 reri3
765 640 867 710 qubus
880 655 933 697 uua
947 642 1068 710 Quirites

317 735 426 805 l'ertigo
441 734 519 792 lacit!
534 737 583 792 ilic
597 739 680 793 Dama
691 741 750 805 est,
765 750 820 792 unu
834 738 932 792 tressis
944 751 1043 806 agaso,

314 833 423 902 vappa,
436 837 464 889 et
475 831 580 904 lippus,
595 841 624 890 et
637 835 666 888 in
679 832 756 889 tenui
769 831 906 903 ferragine
920 833 1053 889 mendax:

313 930 431 988 verterit
442 930 515 987 buuc
528 930 669 1000 dominus3
683 935 821 988 momento
836 931 955 988 turbinis
969 931 1025 986 erit

249 1085 253 1093 ,
311 1027 422 1085 llarcus
435 1026 527 1083 Dama.
539 1025 632 1098 Papa!
650 1028 744 1086 llarcc
756 1027 927 1097 spondente,
939 1038 1053 1083 recusas

311 1120 430 1179 Credere
442 1125 473 1177 tu
485 1122 624 1178 nummos!
637 1123 731 1182 Marcu
743 1120 795 1176 sub
805 1121 899 1191 judice
912 1119 998 1192 palles
1011 1119 1032 1174 ¹!

254 1296 338 1383 Quis
352 1295 489 1394 ignorat
503 1298 759 1396 pulcherrimos
773 1320 908 1388 uersus,
923 1296 1049 1394 quihus
1065 1309 1196 1374 noster
1210 1304 1291 1377 exi·
1341 1285 1344 1289 ¹

204 1419 275 1496 mie
292 1419 476 1518 descripsit
492 1421 674 1519 cupidines
692 1420 852 1495 certatim
874 1419 1107 1495 distrahentes
1132 1433 1173 1496 et
1199 1448 1291 1522 pre-

204 1554 339 1618 mentes
358 1541 537 1630 animum,
556 1543 615 1639 qui
634 1565 673 1616 ea
686 1551 824 1615 tantum
842 1542 916 1638 lege
933 1540 1021 1613 liber
1037 1563 1116 1614 esse
1141 1555 1288 1640 potest,

205 1675 245 1739 ut
261 1664 487 1762 cupidinibus
513 1665 559 1738 sit
576 1687 705 1738 vacuus
723 1674 758 1738 et
783 1663 848 1738 soli
865 1662 988 1738 serviat
1005 1663 1163 1738 rationi?
1186 1668 1288 1744 Nam

203 1791 331 1865 seruire
348 1789 441 1878 Deo,
462 1788 576 1884 iuquit
599 1789 748 1876 Seneca,
766 1787 800 1860 id
826 1800 878 1862 est
904 1785 1044 1875 rationi,
1060 1810 1101 1860 ea
1126 1787 1287 1870 libertas

203 1925 264 1989 est.
284 1913 386 1988 Mane
403 1911 517 1987 stertis
535 1913 649 2008 piger:
669 1912 747 2000 Eia,
772 1933 895 2007 surge,
918 1908 1031 2005 inquit
1048 1908 1226 1988 Avaritia!
1248 1929 1288 1991 et

203 2038 267 2114 tibi
290 2036 468 2113 recusanti
491 2035 607 2110 omnia
631 2045 805 2122 recenset,
831 2034 958 2131 quibus
982 2032 1153 2126 uenditis,
1180 2039 1284 2117 dives

204 2161 347 2236 evadere
364 2159 424 2235 tibi
442 2160 553 2234 detur.
570 2158 780 2244 Quinetiam
800 2159 956 2256 subjicit:

309 2381 391 2438 vene
406 2377 525 2448 aliquid,
535 2377 608 2448 jura.
623 2377 677 2434 Sed
689 2377 796 2448 Jupiter
814 2376 916 2434 audiet.
930 2372 1021 2432 iibeu!

309 2479 392 2547 Baro,
405 2477 576 2546 regustatum
593 2473 678 2545 digito
695 2472 833 2531 terebrare
848 2472 965 2529 salinum

309 2573 463 2629 contentus
474 2580 605 2641 perages,
619 2567 643 2623 si
655 2568 745 2625 rivere
758 2579 820 2623 cum
834 2567 900 2623 lore
916 2562 1008 2621 lendis
1019 2560 1037 2617 ².

250 2745 342 2824 Tum
359 2746 513 2823 Luxuria
530 2745 726 2833 inducitur,
749 2766 827 2840 quae
849 2742 1008 2818 Avaritiae
1031 2760 1209 2843 repugnet
1240 2763 1279 2828 et

203 2869 385 2947 hominem
406 2871 481 2969 jam
499 2879 742 2944 surrecturum
758 2866 888 2941 sensim
906 2864 1052 2941 reclinet
1068 2867 1215 2946 lectulo.
1236 2875 1276 2949 Si

100 3019 104 3023 ’
204 2994 279 3092 ejus
294 3005 497 3091 argumenta
514 2988 802 3077 consideraveris,
818 2987 907 3061 nibil
928 2986 1067 3084 plenius
1090 3000 1125 3063 et
1141 2996 1274 3071 astric-

204 3115 293 3208 tius3
311 3116 342 3190 si
363 3115 534 3211 imagines
551 3124 585 3189 et
602 3136 743 3202 sensus,
758 3112 845 3186 nihil
862 3110 978 3185 acrius
996 3123 1031 3186 et
1047 3113 1195 3190 vividius
1214 3143 1275 3195 re-

203 3238 328 3338 peries.
347 3239 415 3317 Res
437 3259 509 3312 non
536 3238 670 3313 calamo
694 3236 906 3334 descriptas,
928 3236 994 3331 ‘sed
1015 3237 1180 3334 penicillo
1209 3243 1274 3318 de-

204 3361 323 3461 pictas
334 3361 527 3438 existimes:

312 3564 381 3623 Tun’
394 3576 467 3622 mare
484 3560 644 3620 transilias?
655 3560 705 3620 tibi
717 3564 789 3618 torta
801 3561 925 3619 cannabe
940 3559 1023 3633 lullo,

312 3659 397 3717 Goena
410 3657 485 3715 sitin
498 3661 633 3728 transtr03
648 3657 883 3726 Veientanumque
896 3653 1031 3712 rubellum
1112 3738 1115 3743 Ι

312 3756 427 3815 Enbalet
439 3755 536 3828 vapida
549 3755 644 3812 lesum
660 3754 721 3825 pice
736 3752 844 3810 sessilis
858 3750 948 3810 ubbal

245 4129 253 4167 r
266 4139 339 4196 Pers.
352 4139 425 4210 Sat,
441 4137 472 4210 V,
484 4102 510 4193 r.
525 4139 569 4196 ta,

244 4231 359 4309 ’ruem
374 4239 407 4309 v,
421 4249 447 4295 r.
461 4237 525 4295 tan
