2970 5190
669 507 718 580 26

166 651 330 727 homines
359 652 402 726 de
431 652 589 727 versibus
616 652 687 726 illis
716 663 751 726 et
779 653 928 727 sentient
956 665 991 728 et
1018 655 1244 754 loquentur!

123 798 127 805 ·
162 773 267 849 Unus
284 775 372 848 nibil
395 774 464 847 nisi
480 772 601 860 rerba,
620 773 708 847 alter
730 771 818 845 nihil
835 773 900 847 nisi
920 775 1109 850 sententias
1128 801 1246 856 cura-

162 893 233 986 bit;
253 895 312 968 ille
332 893 455 969 breves
475 902 510 968 et
526 894 648 991 longas
665 893 828 966 metietur
849 892 1017 992 syllabas,
1034 897 1093 971 bie
1112 911 1245 978 autem

164 1041 271 1116 quam
291 1017 464 1116 praecipiti
483 1018 662 1115 rapiamur
676 1015 815 1091 turbine
828 1018 1006 1114 cogitabit,
1019 1031 1053 1094 et
1066 1044 1139 1117 quo
1154 1025 1244 1102 bre-

165 1137 240 1210 vior
259 1137 304 1211 sit
330 1137 416 1226 vita,
434 1159 475 1211 eo
495 1136 677 1211 meliorem
702 1159 780 1211 eam
804 1135 1030 1213 arbitrabitur
1051 1162 1129 1216 esse
1156 1131 1243 1219 effiss

163 1260 337 1335 ciendam.
933 1263 938 1269 ’

214 1381 251 1457 Si
261 1383 349 1457 sorte
363 1381 543 1456 Ciceronis
556 1382 608 1456 Dc
621 1380 812 1480 Republica
823 1380 903 1455 libri
914 1381 949 1455 in
962 1385 1187 1478 grammatici
1202 1401 1242 1464 et

77 1552 84 1569 ·
165 1509 201 1582 in
218 1507 421 1606 philosophi
438 1530 566 1581 manns
581 1506 784 1594 inciderint,
802 1507 859 1582 bic
873 1508 989 1581 omnia
1004 1531 1080 1605 quae
1095 1509 1140 1586 de
1153 1514 1240 1610 jus-

165 1631 241 1705 titia
260 1653 301 1706 eo
317 1631 355 1704 in
372 1652 477 1728 opere
495 1629 685 1704 dictasunt
702 1628 864 1718 miratus,
879 1652 919 1703 ea
936 1630 1007 1704 suis
1024 1629 1135 1728 ipsius
1151 1657 1238 1709 mo-

164 1753 293 1857 mentis
310 1751 538 1852 ponderabit;
557 1752 615 1826 ille
637 1773 716 1826 vero
739 1753 912 1827 veteribus
927 1754 1043 1852 etjam
1061 1756 1237 1835 obsoletis

164 1877 296 1966 verbis,
314 1901 451 1976 reapse,
465 1900 576 1975 sepse,
593 1888 627 1950 et
640 1877 752 1967 calce,
767 1877 988 1952 vehementer
1011 1893 1235 1975 commotuS‚

166 2001 208 2075 ad
224 1999 281 2074 illa
297 1999 559 2075 commentariis
573 2000 779 2075 illustranda
791 2021 866 2074 sese
885 2000 1099 2098 comparabit
1116 2015 1153 2077 et
1169 2029 1234 2081 ac-

164 2122 290 2218 cinget.
307 2121 354 2194 Ut
369 2121 442 2218 apis
460 2131 494 2195 et
514 2121 577 2196 bos
592 2122 716 2196 eodem
740 2122 776 2195 in
794 2133 912 2220 prato,
930 2123 980 2197 sic
995 2123 1233 2224 philosophus

162 2256 197 2318 et
214 2243 604 2340 grammaticus'eodem
619 2244 654 2317 in
677 2244 768 2318 libro
781 2243 923 2318 diversis
941 2256 1143 2343 pascuntur.
1165 2250 1231 2325 Sa-

165 2367 208 2442 tis
228 2378 345 2442 antem
371 2378 515 2466 apparet
541 2379 659 2442 utrum
682 2368 742 2456 sit,
771 2366 901 2442 Seneca
928 2367 1069 2464 quidem
1088 2369 1231 2466 judice,
1343 2362 1347 2366 ”

153 2490 331 2586 'pabulum
346 2490 521 2565 salubrius
537 2490 707 2586 alterique
721 2488 1016 2588 anteponendum.
1048 2551 1050 2554 .

208 2608 293 2694 Quae
311 2633 393 2685 oum
411 2609 584 2684 senserint
601 2609 701 2683 stoici
721 2631 802 2683 cunr
821 2607 864 2682 de
888 2609 1053 2684 omnibus
1067 2609 1230 2709 discipli-

160 2729 231 2819 nis,
252 2740 327 2804 tum
353 2729 547 2827 praesertim
567 2729 610 2803 de
628 2727 805 2802 scribendi
823 2750 969 2824 genere,
987 2728 1107 2802 mirari
1133 2730 1230 2805 desi·
1340 2786 1344 2791 ·

158 2872 284 2924 namus
304 2851 332 2924 si
351 2872 474 2925 eorum
492 2849 649 2947 plerique
674 2871 753 2922 eam
772 2856 883 2921 artem
904 2847 1118 2943 neglexerint
1136 2872 1229 2946 pau-

159 2974 291 3064 lulum,
310 2997 416 3072 qnam
435 2994 506 3046 non
525 2973 572 3046 ita
591 2971 709 3068 magni
727 2971 910 3046 faciebant.
929 2970 1014 3045 Inde
1028 2972 1228 3069 profectum

157 3105 210 3170 est
228 3095 322 3168 istud
347 3094 524 3170 scribendi
548 3117 659 3192 genus
686 3105 846 3183 acutum,
873 3092 1017 3184 subtile,
1036 3093 1095 3168 sed
1119 3095 1226 3187 exile,

155 3220 336 3318 jejunum,
361 3219 641 3307 subobscurum,
667 3217 765 3292 valde
791 3217 982 3292 abhorrens
1010 3217 1052 3290 ab
1078 3217 1227 3293 auribus

158 3343 271 3439 vulgi,
297 3343 390 3439 quod
417 3365 507 3440 saepe
528 3342 593 3416 suit
616 3341 777 3416 aMarco.
793 3341 906 3414 Tullio
928 3341 1029 3437 quasi
1048 3340 1091 3414 ad
1109 3340 1228 3416 vivum

159 3471 390 3563 expressum:
420 3463 559 3537 «Stoica
584 3462 725 3537 haeresis
751 3462 890 3536 nullum
920 3461 1078 3569 sequitur
1102 3460 1229 3536 florem

44 3607 56 3638 a
160 3583 348 3679 orationis,
372 3604 486 3678 neque
505 3581 626 3654 dilatat
644 3591 911 3678 argumentum,
930 3580 990 3654 sed
1008 3578 1153 3652 minutis
1171 3579 1245 3653 in:

158 3705 477 3803 terrogatiuneulis,
489 3704 587 3803 qnasi
602 3704 753 3802 punctis,
769 3702 862 3801 qnod
875 3701 1224 3801 proposuitefsrcit¹.u

161 3826 280 3922 ltaque
304 3824 483 3913 Porticus,
506 3825 618 3922 prima
644 3823 786 3920 quidem
813 3824 944 3922 specie,
965 3822 1100 3898 videtur
1129 3823 1226 3918 quod

158 3951 317 4023 oratoriae
334 3960 368 4024 et
386 3949 530 4047 poeticae
547 3949 612 4023 arti
630 3949 816 4046 excogitari
838 3959 942 4047 queat
959 3948 1222 4047 repugnantius
1252 3948 1253 3951 ’

199 4239 206 4274 ¹
225 4237 282 4294 Cic.
297 4240 411 4293 Parcet.
426 4240 510 4294 Stotc.
528 4241 637 4292 Proeto.
718 4216 720 4225 Α
