2970 5190
599 506 603 513 ’
631 523 703 596 tre

131 663 230 738 ribus
256 666 488 762 temporibus,
505 678 545 740 ut
572 669 805 764 respublicas
833 678 1020 741 tractarent
1037 665 1197 741 homines
1304 728 1326 773 g,

131 800 228 863 tanto
249 792 399 870 ‚muneri
431 792 601 890 impares,
632 795 746 866 omnis
777 793 1004 866 humanitatis
1025 803 1198 890 expertes,

130 909 363 1006 moribusque
391 911 661 985 dissolutissimi.
682 911 794 996 Quam
820 911 923 1010 pauci
947 925 1063 985 tamen
1090 920 1200 1008 poetae

132 1032 317 1106 christiani
349 1055 408 1106 eus
441 1033 596 1108 versibus
628 1034 809 1131 carpsere!
844 1032 1059 1129 Plerumque
1090 1015 1202 1107 nostri

133 1163 245 1251 poetae
265 1154 347 1228 satis
366 1154 567 1230 babuerunt
594 1156 689 1230 vanis
716 1155 899 1230 cantilenis
918 1155 1125 1252 distringere
1142 1176 1203 1252 po·

133 1286 264 1366 tenteS,
287 1300 353 1351 nec
381 1279 575 1375 quidquam
601 1280 750 1368 serium,
774 1279 889 1367 virile,
921 1279 1008 1351 sorte
1039 1277 1203 1352 adversus

135 1423 196 1474 eus
218 1400 445 1498 scripserunt.
467 1387 558 1475 Dum
576 1401 720 1476 Arverni
747 1426 765 1475 a
789 1401 1007 1500 principibus
1034 1401 1204 1475 crudelis·

136 1524 225 1596 sime
243 1535 448 1598 vexarentur
465 1536 516 1614 et,
535 1524 669 1599 nullam
688 1524 732 1599 ub
757 1548 850 1614 rem,
868 1523 1063 1598 saevissimis
1082 1523 1201 1597 allice·

135 1657 261 1720 rentur
278 1646 460 1745 suppliciis
473 1649 505 1736 ¹,
526 1648 663 1722 Bulaeus
683 1660 817 1736 noster,
842 1648 891 1720 vir
913 1646 1043 1742 alioqui
1061 1645 1149 1720 liber
1167 1657 1201 1720 et

137 1770 272 1858 bonus,
289 1747 488 1844 suae'aeratis
507 1781 689 1868 poetarum
707 1794 826 1845 versus
845 1770 980 1868 placide
999 1768 1156 1859 notabat,
1174 1770 1202 1843 si

139 1891 219 1987 quis
238 1891 438 1966 offendisset
456 1916 557 1967 aures
576 1903 700 1968 teretes
724 1903 759 1968 et
780 1893 979 1989 religiosas3
999 1904 1032 1967 et
1051 1893 1107 1967 cui
1130 1915 1206 1966 ver-

139 2014 284 2102 borum,
301 2015 352 2088 vel
368 2017 553 2112 paululum
567 2017 717 2108 discum,
736 2040 843 2092 sunus
857 2015 1016 2091 movebat
1030 2015 1157 2106 bilem,
1174 2016 1204 2090 is

139 2137 256 2212 omnia
274 2136 429 2212 bumana
448 2139 634 2236 divinaque
647 2142 727 2238 jura
746 2140 887 2214 misceri
905 2139 997 2213 lente
1013 2137 1154 2212 serebat.

185 2257 348 2331 Persium
369 2282 446 2332 veru
464 2280 535 2333 non
555 2259 644 2356 sugit
662 2259 858 2335 libertatem
879 2282 897 2333 a
925 2267 1070 2356 praetore
1088 2257 1204 2331 datam

139 2399 180 2450 ex
196 2377 318 2451 intima
349 2377 455 2451 animi
483 2378 641 2453 libertate
668 2379 838 2476 pendere,
865 2390 899 2453 et
925 2378 1104 2451 neminem
1128 2398 1208 2452 vere

139 2497 308 2589 liberum,
326 2523 405 2575 vere
430 2501 539 2576 civem
558 2504 649 2593 iure,
677 2505 736 2601 qui
763 2504 836 2579 suis
865 2501 1115 2599 cupiditatibus
1143 2500 1210 2574 erit

141 2619 322 2695 obnoxius.
342 2620 455 2705 Quam
474 2622 515 2696 ad
539 2624 770 2714 sententiam,
797 2645 893 2696 mere
912 2622 1074 2709 stoicam,
1093 2618 1208 2693 verbis

141 2739 420 2835 exprimendam,
439 2763 509 2815 non
524 2739 612 2831 leni,
631 2742 794 2838 aequabili
812 2751 845 2814 et
864 2741 1025 2814 inornate
1040 2735 1208 2811 orationis

142 2868 274 2948 tractu,
290 2858 580 2959 philosophorum
593 2885 706 2953 more,
719 2864 847 2949 utitur,
864 2860 957 2957 quud
971 2858 1003 2934 ei
1016 2856 1204 2954 aliquando

143 2981 321 3079 objectum
340 2994 407 3074 est3
426 2984 486 3059 sed
505 2985 621 3081 potius
640 2986 779 3060 dicendi
794 3008 903 3081 genus
927 2981 1209 3057 vividis'distinc-

143 3115 219 3176 tum
239 3106 434 3197 coloribus,
459 3109 722 3183 vehementibus
746 3108 929 3182 incitatum
953 3103 1106 3178 mutibus
1124 3125 1209 3177 cun-

143 3232 307 3297 se'ctatur.
326 3223 448 3321 ltaque
466 3248 537 3299 non
553 3226 651 3300 viden
667 3227 751 3323 quid
766 3226 802 3299 in
817 3248 856 3299 eo
873 3222 1047 3299 desideres
1063 3246 1081 3297 e
1096 3221 1209 3296 tribus

145 3368 223 3441 quae
240 3346 370 3422 Fenelo
389 3328 535 3445 requirit
559 3348 602 3423 ab
618 3371 657 3422 eu
676 3350 736 3446 qui
760 3351 806 3423 sit
822 3348 959 3445 egregie
978 3345 1153 3433 dicturus,
1171 3355 1210 3415 ut
1259 3383 1261 3388 ·

147 3465 308 3541 homines
334 3467 457 3542 doceat
484 3481 518 3542 et
543 3482 678 3543 moveat
714 3489 902 3565 rerumque
930 3465 1083 3564 speciem
1110 3462 1209 3561 quasi

150 3585 301 3678 quadam
318 3586 482 3685 depingat
500 3588 622 3662 tabella
634 3591 666 3660 2:

250 3780 387 3838 Libertate
402 3795 473 3852 opus
484 3788 542 3839 cst:
557 3796 611 3839 nun
624 3783 688 3854 hac,
702 3795 783 3852 quam
797 3780 957 3851 utquisque
972 3777 1067 3835 Velina

254 3872 370 3930 Publius
384 3875 512 3946 emeruit,
528 3874 684 3932 scabiosum
698 3874 835 3931 tesserula
849 3872 891 3929 iar

183 4119 193 4156 ¹
207 4122 259 4175 Les
274 4120 397 4176 Grande
408 4122 506 4192 Jours,
523 4134 573 4192 par
586 4120 718 4179 Fldcbier.
828 4149 831 4157 »

184 4214 337 4273 ²Ftuelcn.
352 4218 510 4290 Dialogues
522 4235 574 4274 sur
587 4217 770 4289 lanqueum,
783 4220 812 4275 2⁰
825 4214 970 4287 dictoque.

292 4333 326 4397 F<
