<?xml version="1.0" encoding="UTF-8"?>
<!DOCTYPE html PUBLIC "-//W3C//DTD XHTML 1.0 Transitional//EN"
    "http://www.w3.org/TR/xhtml1/DTD/xhtml1-transitional.dtd">
<html xmlns="http://www.w3.org/1999/xhtml" xml:lang="en" lang="en">
 <head>
  <title>
</title>
<meta http-equiv="Content-Type" content="text/html;charset=utf-8" />
  <meta name='ocr-system' content='tesseract 3.04.00' />
  <meta name='ocr-capabilities' content='ocr_page ocr_carea ocr_par ocr_line ocrx_word'/>
</head>
<body>
  <div class='ocr_page' id='page_1' title='image "./destoicadiscipl00ferrgoog_0033.png"; bbox 0 0 2970 5190; ppageno 0'>
   <div class='ocr_carea' id='block_1_1' title="bbox 651 458 699 530">
    <p class='ocr_par' dir='ltr' id='par_1_1' title="bbox 651 458 699 530">
     <span class='ocr_line' id='line_1_1' title="bbox 651 458 699 530; baseline 0 0"><span class='ocrx_word' id='word_1_1' title='bbox 651 458 699 530; x_wconf 76' lang='lat'><strong>⁶20</strong></span> 
     </span>
    </p>
   </div>
   <div class='ocr_carea' id='block_1_2' title="bbox 131 596 1243 2041">
    <p class='ocr_par' dir='ltr' id='par_1_2' title="bbox 131 596 1243 2041">
     <span class='ocr_line' id='line_1_2' title="bbox 141 596 1243 697; baseline 0.004 -24"><span class='ocrx_word' id='word_1_2' title='bbox 141 601 264 674; x_wconf 90' lang='lat' dir='ltr'><strong>titutus</strong></span> <span class='ocrx_word' id='word_1_3' title='bbox 280 612 314 675; x_wconf 91' lang='lat' dir='ltr'><strong>et</strong></span> <span class='ocrx_word' id='word_1_4' title='bbox 331 611 573 695; x_wconf 91' lang='lat' dir='ltr'><strong>comparatus,</strong></span> <span class='ocrx_word' id='word_1_5' title='bbox 593 610 632 673; x_wconf 88' lang='lat' dir='ltr'><strong>ut</strong></span> <span class='ocrx_word' id='word_1_6' title='bbox 652 600 806 673; x_wconf 87' lang='lat' dir='ltr'><strong>humana</strong></span> <span class='ocrx_word' id='word_1_7' title='bbox 828 596 942 697; x_wconf 90' lang='lat' dir='ltr'><strong>potius</strong></span> <span class='ocrx_word' id='word_1_8' title='bbox 963 620 1080 694; x_wconf 86' lang='lat' dir='ltr'><strong>quarn</strong></span> <span class='ocrx_word' id='word_1_9' title='bbox 1102 608 1243 691; x_wconf 68' lang='lat' dir='ltr'><strong>divina</strong></span> 
     </span>
     <span class='ocr_line' id='line_1_3' title="bbox 139 716 1242 824; baseline 0.012 -31"><span class='ocrx_word' id='word_1_10' title='bbox 139 729 307 793; x_wconf 83' lang='lat' dir='ltr'><strong>curaret:</strong></span> <span class='ocrx_word' id='word_1_11' title='bbox 338 740 405 793; x_wconf 88' lang='lat' dir='ltr'><strong>uec</strong></span> <span class='ocrx_word' id='word_1_12' title='bbox 436 716 573 814; x_wconf 88' lang='lat' dir='ltr'><strong>injuria.</strong></span> <span class='ocrx_word' id='word_1_13' title='bbox 607 717 682 792; x_wconf 91' lang='lat' dir='ltr'><strong>Hoc</strong></span> <span class='ocrx_word' id='word_1_14' title='bbox 713 716 808 791; x_wconf 91' lang='lat' dir='ltr'><strong>euim</strong></span> <span class='ocrx_word' id='word_1_15' title='bbox 839 716 1028 791; x_wconf 88' lang='lat' dir='ltr'><strong>interverso</strong></span> <span class='ocrx_word' id='word_1_16' title='bbox 1064 726 1242 824; x_wconf 83' lang='lat' dir='ltr'>ordine,</span> 
     </span>
     <span class='ocr_line' id='line_1_4' title="bbox 136 840 1241 940; baseline 0.004 -25"><span class='ocrx_word' id='word_1_17' title='bbox 136 841 242 917; x_wconf 90' lang='lat' dir='ltr'><strong>homo</strong></span> <span class='ocrx_word' id='word_1_18' title='bbox 273 863 414 940; x_wconf 85' lang='lat' dir='ltr'><strong>semper</strong></span> <span class='ocrx_word' id='word_1_19' title='bbox 445 854 571 916; x_wconf 86' lang='lat' dir='ltr'><strong>aeterna</strong></span> <span class='ocrx_word' id='word_1_20' title='bbox 597 840 835 940; x_wconf 82' lang='lat' dir='ltr'><strong>prospiciam,</strong></span> <span class='ocrx_word' id='word_1_21' title='bbox 862 860 1059 936; x_wconf 92' lang='lat' dir='ltr'><strong>eorumque</strong></span> <span class='ocrx_word' id='word_1_22' title='bbox 1096 871 1241 932; x_wconf 70' lang='lat' dir='ltr'><strong>amore</strong></span> 
     </span>
     <span class='ocr_line' id='line_1_5' title="bbox 135 961 1239 1060; baseline -0.005 -19"><span class='ocrx_word' id='word_1_23' title='bbox 135 966 379 1041; x_wconf 78' lang='lat' dir='ltr'><strong>ardentissime</strong></span> <span class='ocrx_word' id='word_1_24' title='bbox 406 964 577 1060; x_wconf 81' lang='lat' dir='ltr'><strong>flagrans,</strong></span> <span class='ocrx_word' id='word_1_25' title='bbox 599 964 702 1040; x_wconf 89' lang='lat' dir='ltr'><strong>flocci</strong></span> <span class='ocrx_word' id='word_1_26' title='bbox 728 964 895 1060; x_wconf 79' lang='lat' dir='ltr'><strong>penderet</strong></span> <span class='ocrx_word' id='word_1_27' title='bbox 916 961 1073 1057; x_wconf 83' lang='lat' dir='ltr'><strong>caduca3</strong></span> <span class='ocrx_word' id='word_1_28' title='bbox 1105 986 1239 1052; x_wconf 70' lang='lat' dir='ltr'><strong>artes.</strong></span> 
     </span>
     <span class='ocr_line' id='line_1_6' title="bbox 134 1088 1234 1188; baseline 0.001 -24"><span class='ocrx_word' id='word_1_29' title='bbox 134 1110 203 1188; x_wconf 86' lang='lat' dir='ltr'><strong>que</strong></span> <span class='ocrx_word' id='word_1_30' title='bbox 216 1103 251 1164; x_wconf 91' lang='lat' dir='ltr'><strong>et</strong></span> <span class='ocrx_word' id='word_1_31' title='bbox 264 1088 445 1176; x_wconf 82' lang='lat' dir='ltr'><strong>scientias,</strong></span> <span class='ocrx_word' id='word_1_32' title='bbox 461 1110 537 1183; x_wconf 74' lang='lat' dir='ltr'><strong>quae</strong></span> <span class='ocrx_word' id='word_1_33' title='bbox 552 1089 594 1162; x_wconf 92' lang='lat' dir='ltr'><strong>ad</strong></span> <span class='ocrx_word' id='word_1_34' title='bbox 610 1111 715 1162; x_wconf 91' lang='lat' dir='ltr'><strong>usum</strong></span> <span class='ocrx_word' id='word_1_35' title='bbox 729 1088 805 1162; x_wconf 91' lang='lat' dir='ltr'><strong>vitae</strong></span> <span class='ocrx_word' id='word_1_36' title='bbox 819 1095 995 1185; x_wconf 90' lang='lat' dir='ltr'><strong>spectant,</strong></span> <span class='ocrx_word' id='word_1_37' title='bbox 1011 1101 1048 1163; x_wconf 91' lang='lat' dir='ltr'><strong>et</strong></span> <span class='ocrx_word' id='word_1_38' title='bbox 1063 1114 1234 1179; x_wconf 74' lang='lat' dir='ltr'><strong>omnem</strong></span> 
     </span>
     <span class='ocr_line' id='line_1_7' title="bbox 134 1207 1234 1307; baseline 0 -20"><span class='ocrx_word' id='word_1_39' title='bbox 134 1210 270 1287; x_wconf 85' lang='lat' dir='ltr'><strong>civilem</strong></span> <span class='ocrx_word' id='word_1_40' title='bbox 290 1211 427 1286; x_wconf 91' lang='lat' dir='ltr'><strong>cultum</strong></span> <span class='ocrx_word' id='word_1_41' title='bbox 449 1207 672 1306; x_wconf 76' lang='lat' dir='ltr'><strong>languescere</strong></span> <span class='ocrx_word' id='word_1_42' title='bbox 687 1219 721 1283; x_wconf 90' lang='lat' dir='ltr'><strong>et</strong></span> <span class='ocrx_word' id='word_1_43' title='bbox 736 1220 930 1307; x_wconf 84' lang='lat' dir='ltr'><strong>torpescere</strong></span> <span class='ocrx_word' id='word_1_44' title='bbox 944 1207 1089 1287; x_wconf 90' lang='lat' dir='ltr'><strong>sineret.</strong></span> <span class='ocrx_word' id='word_1_45' title='bbox 1112 1217 1234 1304; x_wconf 81' lang='lat' dir='ltr'><strong>Quod</strong></span> 
     </span>
     <span class='ocr_line' id='line_1_8' title="bbox 134 1330 1233 1429; baseline 0.01 -20"><span class='ocrx_word' id='word_1_46' title='bbox 134 1333 296 1409; x_wconf 87' lang='lat' dir='ltr'><strong>universo</strong></span> <span class='ocrx_word' id='word_1_47' title='bbox 324 1331 511 1407; x_wconf 89' lang='lat' dir='ltr'><strong>hominum</strong></span> <span class='ocrx_word' id='word_1_48' title='bbox 538 1333 678 1429; x_wconf 83' lang='lat' dir='ltr'><strong>generi,</strong></span> <span class='ocrx_word' id='word_1_49' title='bbox 703 1330 740 1405; x_wconf 93' lang='lat' dir='ltr'><strong>id</strong></span> <span class='ocrx_word' id='word_1_50' title='bbox 765 1332 876 1429; x_wconf 91' lang='lat' dir='ltr'><strong>poetis</strong></span> <span class='ocrx_word' id='word_1_51' title='bbox 902 1353 1043 1429; x_wconf 89' lang='lat' dir='ltr'><strong>quoque</strong></span> <span class='ocrx_word' id='word_1_52' title='bbox 1068 1345 1233 1424; x_wconf 87' lang='lat' dir='ltr'><strong>evenire</strong></span> 
     </span>
     <span class='ocr_line' id='line_1_9' title="bbox 133 1453 1230 1554; baseline 0.006 -22"><span class='ocrx_word' id='word_1_53' title='bbox 133 1455 247 1532; x_wconf 90' lang='lat' dir='ltr'><strong>solet:</strong></span> <span class='ocrx_word' id='word_1_54' title='bbox 275 1453 464 1554; x_wconf 90' lang='lat' dir='ltr'><strong>aliquando</strong></span> <span class='ocrx_word' id='word_1_55' title='bbox 491 1455 626 1545; x_wconf 90' lang='lat' dir='ltr'><strong>diviua,</strong></span> <span class='ocrx_word' id='word_1_56' title='bbox 653 1453 779 1551; x_wconf 88' lang='lat' dir='ltr'><strong>saepius</strong></span> <span class='ocrx_word' id='word_1_57' title='bbox 805 1454 959 1528; x_wconf 90' lang='lat' dir='ltr'><strong>humana</strong></span> <span class='ocrx_word' id='word_1_58' title='bbox 986 1459 1230 1546; x_wconf 84' lang='lat' dir='ltr'><strong>carminibus</strong></span> 
     </span>
     <span class='ocr_line' id='line_1_10' title="bbox 131 1576 1226 1683; baseline 0.005 -28"><span class='ocrx_word' id='word_1_59' title='bbox 131 1590 402 1681; x_wconf 88' lang='lat' dir='ltr'><strong>prosequuntur.</strong></span> <span class='ocrx_word' id='word_1_60' title='bbox 428 1576 467 1653; x_wconf 93' lang='lat' dir='ltr'><strong>ld</strong></span> <span class='ocrx_word' id='word_1_61' title='bbox 493 1577 736 1654; x_wconf 89' lang='lat' dir='ltr'><strong>tantummodo</strong></span> <span class='ocrx_word' id='word_1_62' title='bbox 758 1587 810 1651; x_wconf 93' lang='lat' dir='ltr'><strong>est</strong></span> <span class='ocrx_word' id='word_1_63' title='bbox 831 1576 1226 1683; x_wconf 86' lang='lat' dir='ltr'><strong>animadvertendum,</strong></span> 
     </span>
     <span class='ocr_line' id='line_1_11' title="bbox 131 1688 1225 1803; baseline -0.003 -24"><span class='ocrx_word' id='word_1_64' title='bbox 131 1726 211 1803; x_wconf 73' lang='lat' dir='ltr'><strong>quae</strong></span> <span class='ocrx_word' id='word_1_65' title='bbox 236 1704 278 1778; x_wconf 91' lang='lat' dir='ltr'><strong>de</strong></span> <span class='ocrx_word' id='word_1_66' title='bbox 304 1688 429 1778; x_wconf 75' lang='lat' dir='ltr'><strong>dirinis</strong></span> <span class='ocrx_word' id='word_1_67' title='bbox 459 1699 672 1799; x_wconf 88' lang='lat' dir='ltr'><strong>loquuntur,</strong></span> <span class='ocrx_word' id='word_1_68' title='bbox 700 1724 739 1776; x_wconf 90' lang='lat' dir='ltr'><strong>ea</strong></span> <span class='ocrx_word' id='word_1_69' title='bbox 767 1723 863 1775; x_wconf 92' lang='lat' dir='ltr'><strong>nunc</strong></span> <span class='ocrx_word' id='word_1_70' title='bbox 892 1698 1082 1797; x_wconf 83' lang='lat' dir='ltr'><strong>religiosis,</strong></span> <span class='ocrx_word' id='word_1_71' title='bbox 1112 1734 1225 1792; x_wconf 71' lang='lat' dir='ltr'><strong>nunc</strong></span> 
     </span>
     <span class='ocr_line' id='line_1_12' title="bbox 131 1820 1222 1924; baseline 0.008 -26"><span class='ocrx_word' id='word_1_72' title='bbox 131 1821 384 1924; x_wconf 86' lang='lat' dir='ltr'><strong>philosophicis</strong></span> <span class='ocrx_word' id='word_1_73' title='bbox 402 1845 421 1896; x_wconf 88' lang='lat' dir='ltr'><strong>e</strong></span> <span class='ocrx_word' id='word_1_74' title='bbox 440 1820 594 1896; x_wconf 87' lang='lat' dir='ltr'><strong>fontibus</strong></span> <span class='ocrx_word' id='word_1_75' title='bbox 612 1822 715 1918; x_wconf 90' lang='lat' dir='ltr'><strong>vulgo</strong></span> <span class='ocrx_word' id='word_1_76' title='bbox 733 1820 879 1895; x_wconf 91' lang='lat' dir='ltr'><strong>hauriri.</strong></span> <span class='ocrx_word' id='word_1_77' title='bbox 904 1820 1067 1897; x_wconf 89' lang='lat' dir='ltr'><strong>Humana</strong></span> <span class='ocrx_word' id='word_1_78' title='bbox 1088 1842 1222 1912; x_wconf 85' lang='lat' dir='ltr'><strong>autem</strong></span> 
     </span>
     <span class='ocr_line' id='line_1_13' title="bbox 132 1939 1220 2041; baseline 0.003 -21"><span class='ocrx_word' id='word_1_79' title='bbox 132 1942 300 2020; x_wconf 90' lang='lat' dir='ltr'><strong>omnibus</strong></span> <span class='ocrx_word' id='word_1_80' title='bbox 318 1939 553 2041; x_wconf 87' lang='lat' dir='ltr'><strong>temporibus,</strong></span> <span class='ocrx_word' id='word_1_81' title='bbox 570 1941 611 2015; x_wconf 92' lang='lat' dir='ltr'><strong>ad</strong></span> <span class='ocrx_word' id='word_1_82' title='bbox 628 1940 864 2029; x_wconf 88' lang='lat' dir='ltr'><strong>narrandum,</strong></span> <span class='ocrx_word' id='word_1_83' title='bbox 881 1951 921 2014; x_wconf 94' lang='lat' dir='ltr'><strong>ut</strong></span> <span class='ocrx_word' id='word_1_84' title='bbox 933 1940 1052 2032; x_wconf 88' lang='lat' dir='ltr'><strong>aiunt,</strong></span> <span class='ocrx_word' id='word_1_85' title='bbox 1071 1969 1149 2023; x_wconf 91' lang='lat' dir='ltr'><strong>non</strong></span> <span class='ocrx_word' id='word_1_86' title='bbox 1169 1957 1220 2030; x_wconf 90' lang='lat' dir='ltr'><strong>ad</strong></span> 
     </span>
    </p>
   </div>
   <div class='ocr_carea' id='block_1_3' title="bbox 14 2063 1218 2170">
    <p class='ocr_par' dir='ltr' id='par_1_3' title="bbox 14 2063 1218 2170">
     <span class='ocr_line' id='line_1_14' title="bbox 14 2063 1218 2170; baseline 0.009 -31"><span class='ocrx_word' id='word_1_87' title='bbox 14 2116 20 2129; x_wconf 82' lang='lat'><strong>·</strong></span> <span class='ocrx_word' id='word_1_88' title='bbox 133 2065 384 2168; x_wconf 84' lang='lat' dir='ltr'><strong>probandum,</strong></span> <span class='ocrx_word' id='word_1_89' title='bbox 414 2075 449 2139; x_wconf 88' lang='lat' dir='ltr'><strong>et</strong></span> <span class='ocrx_word' id='word_1_90' title='bbox 479 2064 574 2137; x_wconf 89' lang='lat' dir='ltr'><strong>omni</strong></span> <span class='ocrx_word' id='word_1_91' title='bbox 607 2063 850 2170; x_wconf 89' lang='lat' dir='ltr'><strong>philosophica</strong></span> <span class='ocrx_word' id='word_1_92' title='bbox 879 2076 1013 2139; x_wconf 86' lang='lat' dir='ltr'><strong>remota</strong></span> <span class='ocrx_word' id='word_1_93' title='bbox 1042 2071 1218 2168; x_wconf 89' lang='lat' dir='ltr'><strong>ratione,</strong></span> 
     </span>
    </p>
   </div>
   <div class='ocr_carea' id='block_1_4' title="bbox 32 2185 1263 4244">
    <p class='ocr_par' dir='ltr' id='par_1_4' title="bbox 134 2185 1219 3013">
     <span class='ocr_line' id='line_1_15' title="bbox 134 2185 1216 2289; baseline -0.008 -24"><span class='ocrx_word' id='word_1_94' title='bbox 134 2186 277 2265; x_wconf 90' lang='lat' dir='ltr'><strong>tractari</strong></span> <span class='ocrx_word' id='word_1_95' title='bbox 295 2197 429 2284; x_wconf 89' lang='lat' dir='ltr'><strong>queunt</strong></span> <span class='ocrx_word' id='word_1_96' title='bbox 442 2214 452 2278; x_wconf 91' lang='lat'>;</span> <span class='ocrx_word' id='word_1_97' title='bbox 476 2185 521 2260; x_wconf 88' lang='lat' dir='ltr'><strong>ita</strong></span> <span class='ocrx_word' id='word_1_98' title='bbox 546 2197 660 2259; x_wconf 88' lang='lat' dir='ltr'><strong>tamen</strong></span> <span class='ocrx_word' id='word_1_99' title='bbox 682 2198 739 2275; x_wconf 91' lang='lat' dir='ltr'><strong>ut,</strong></span> <span class='ocrx_word' id='word_1_100' title='bbox 764 2186 792 2259; x_wconf 93' lang='lat' dir='ltr'><strong>si</strong></span> <span class='ocrx_word' id='word_1_101' title='bbox 814 2185 919 2260; x_wconf 88' lang='lat' dir='ltr'><strong>rebus</strong></span> <span class='ocrx_word' id='word_1_102' title='bbox 942 2187 1067 2263; x_wconf 91' lang='lat' dir='ltr'><strong>iisdem</strong></span> <span class='ocrx_word' id='word_1_103' title='bbox 1087 2195 1216 2289; x_wconf 91' lang='lat' dir='ltr'><strong>philo.</strong></span> 
     </span>
     <span class='ocr_line' id='line_1_16' title="bbox 135 2305 1219 2409; baseline 0.009 -23"><span class='ocrx_word' id='word_1_104' title='bbox 135 2308 259 2409; x_wconf 88' lang='lat' dir='ltr'><strong>so&#39;phia</strong></span> <span class='ocrx_word' id='word_1_105' title='bbox 278 2306 481 2395; x_wconf 87' lang='lat' dir='ltr'><strong>accesserit,</strong></span> <span class='ocrx_word' id='word_1_106' title='bbox 504 2305 745 2381; x_wconf 87' lang='lat' dir='ltr'><strong>reconditioris</strong></span> <span class='ocrx_word' id='word_1_107' title='bbox 765 2305 931 2382; x_wconf 88' lang='lat' dir='ltr'><strong>doctrinae</strong></span> <span class='ocrx_word' id='word_1_108' title='bbox 948 2317 982 2382; x_wconf 85' lang='lat' dir='ltr'><strong>et</strong></span> <span class='ocrx_word' id='word_1_109' title='bbox 1004 2314 1219 2409; x_wconf 83' lang='lat' dir='ltr'><strong>exquisitio-</strong></span> 
     </span>
     <span class='ocr_line' id='line_1_17' title="bbox 135 2429 1215 2536; baseline 0.003 -30"><span class='ocrx_word' id='word_1_110' title='bbox 135 2432 184 2507; x_wconf 89' lang='lat' dir='ltr'><strong>ris</strong></span> <span class='ocrx_word' id='word_1_111' title='bbox 208 2429 339 2527; x_wconf 90' lang='lat' dir='ltr'><strong>ingenii</strong></span> <span class='ocrx_word' id='word_1_112' title='bbox 362 2430 505 2504; x_wconf 82' lang='lat' dir='ltr'><strong>tortasse</strong></span> <span class='ocrx_word' id='word_1_113' title='bbox 530 2429 702 2503; x_wconf 91' lang='lat' dir='ltr'><strong>condatur</strong></span> <span class='ocrx_word' id='word_1_114' title='bbox 725 2451 822 2527; x_wconf 87' lang='lat' dir='ltr'><strong>opus.</strong></span> <span class='ocrx_word' id='word_1_115' title='bbox 850 2429 933 2516; x_wconf 85' lang='lat' dir='ltr'><strong>Quis</strong></span> <span class='ocrx_word' id='word_1_116' title='bbox 958 2430 1097 2509; x_wconf 86' lang='lat' dir='ltr'><strong>dubitet</strong></span> <span class='ocrx_word' id='word_1_117' title='bbox 1120 2444 1215 2536; x_wconf 80' lang='lat' dir='ltr'><strong>quin</strong></span> 
     </span>
     <span class='ocr_line' id='line_1_18' title="bbox 136 2550 1216 2653; baseline 0.01 -24"><span class='ocrx_word' id='word_1_118' title='bbox 136 2553 291 2641; x_wconf 88' lang='lat' dir='ltr'><strong>Bulaeus,</strong></span> <span class='ocrx_word' id='word_1_119' title='bbox 310 2551 355 2641; x_wconf 93' lang='lat' dir='ltr'><strong>si,</strong></span> <span class='ocrx_word' id='word_1_120' title='bbox 375 2560 490 2626; x_wconf 88' lang='lat' dir='ltr'><strong>amoto</strong></span> <span class='ocrx_word' id='word_1_121' title='bbox 508 2550 608 2640; x_wconf 87' lang='lat' dir='ltr'><strong>ludu,</strong></span> <span class='ocrx_word' id='word_1_122' title='bbox 624 2551 909 2650; x_wconf 88' lang='lat' dir='ltr'><strong>philosophicum</strong></span> <span class='ocrx_word' id='word_1_123' title='bbox 927 2554 963 2628; x_wconf 91' lang='lat' dir='ltr'><strong>in</strong></span> <span class='ocrx_word' id='word_1_124' title='bbox 978 2558 1144 2653; x_wconf 90' lang='lat' dir='ltr'><strong>modum,</strong></span> <span class='ocrx_word' id='word_1_125' title='bbox 1168 2568 1216 2644; x_wconf 92' lang='lat' dir='ltr'><strong>de</strong></span> 
     </span>
     <span class='ocr_line' id='line_1_19' title="bbox 136 2670 1215 2773; baseline 0.016 -27"><span class='ocrx_word' id='word_1_126' title='bbox 136 2673 205 2748; x_wconf 82' lang='lat' dir='ltr'><strong>vita</strong></span> <span class='ocrx_word' id='word_1_127' title='bbox 229 2682 263 2747; x_wconf 88' lang='lat' dir='ltr'><strong>et</strong></span> <span class='ocrx_word' id='word_1_128' title='bbox 287 2671 446 2746; x_wconf 91' lang='lat' dir='ltr'><strong>moribus</strong></span> <span class='ocrx_word' id='word_1_129' title='bbox 470 2670 723 2769; x_wconf 88' lang='lat' dir='ltr'><strong>inquisivisset,</strong></span> <span class='ocrx_word' id='word_1_130' title='bbox 746 2678 781 2746; x_wconf 91' lang='lat' dir='ltr'><strong>in</strong></span> <span class='ocrx_word' id='word_1_131' title='bbox 805 2675 854 2746; x_wconf 90' lang='lat' dir='ltr'><strong>rei</strong></span> <span class='ocrx_word' id='word_1_132' title='bbox 879 2676 1051 2773; x_wconf 85' lang='lat' dir='ltr'><strong>cujusque</strong></span> <span class='ocrx_word' id='word_1_133' title='bbox 1074 2681 1215 2764; x_wconf 89' lang='lat' dir='ltr'><strong>viscera</strong></span> 
     </span>
     <span class='ocr_line' id='line_1_20' title="bbox 138 2792 1213 2895; baseline 0.013 -25"><span class='ocrx_word' id='word_1_134' title='bbox 138 2795 241 2870; x_wconf 91' lang='lat' dir='ltr'><strong>altius</strong></span> <span class='ocrx_word' id='word_1_135' title='bbox 258 2804 519 2893; x_wconf 82' lang='lat' dir='ltr'><strong>penetraturus,</strong></span> <span class='ocrx_word' id='word_1_136' title='bbox 538 2804 572 2867; x_wconf 90' lang='lat' dir='ltr'><strong>et</strong></span> <span class='ocrx_word' id='word_1_137' title='bbox 590 2792 731 2892; x_wconf 90' lang='lat' dir='ltr'><strong>majoris</strong></span> <span class='ocrx_word' id='word_1_138' title='bbox 749 2795 850 2892; x_wconf 91' lang='lat' dir='ltr'><strong>pretii</strong></span> <span class='ocrx_word' id='word_1_139' title='bbox 869 2796 997 2895; x_wconf 89' lang='lat' dir='ltr'><strong>scripta</strong></span> <span class='ocrx_word' id='word_1_140' title='bbox 1017 2800 1213 2885; x_wconf 86' lang='lat' dir='ltr'><strong>relicturus</strong></span> 
     </span>
     <span class='ocr_line' id='line_1_21' title="bbox 138 2916 1212 3013; baseline 0.013 -21"><span class='ocrx_word' id='word_1_141' title='bbox 138 2917 288 2992; x_wconf 78' lang='lat' dir='ltr'><strong>luisset?</strong></span> <span class='ocrx_word' id='word_1_142' title='bbox 321 2916 536 3013; x_wconf 84' lang='lat' dir='ltr'><strong>Fingamus,</strong></span> <span class='ocrx_word' id='word_1_143' title='bbox 568 2916 678 2991; x_wconf 90' lang='lat' dir='ltr'><strong>nostri</strong></span> <span class='ocrx_word' id='word_1_144' title='bbox 707 2917 858 2993; x_wconf 88' lang='lat' dir='ltr'><strong>auctoris</strong></span> <span class='ocrx_word' id='word_1_145' title='bbox 887 2918 962 2993; x_wconf 91' lang='lat' dir='ltr'><strong>loco</strong></span> <span class='ocrx_word' id='word_1_146' title='bbox 990 2921 1033 2996; x_wconf 90' lang='lat' dir='ltr'><strong>de</strong></span> <span class='ocrx_word' id='word_1_147' title='bbox 1059 2924 1212 3007; x_wconf 90' lang='lat' dir='ltr'><strong>homine</strong></span> 
     </span>
    </p>

    <p class='ocr_par' dir='ltr' id='par_1_5' title="bbox 32 3033 1263 3752">
     <span class='ocr_line' id='line_1_22' title="bbox 63 3033 1211 3144; baseline 0.011 -34"><span class='ocrx_word' id='word_1_148' title='bbox 63 3033 67 3040; x_wconf 82' lang='lat'>&#39;</span> <span class='ocrx_word' id='word_1_149' title='bbox 141 3037 339 3126; x_wconf 91' lang='lat' dir='ltr'><strong>tractantis,</strong></span> <span class='ocrx_word' id='word_1_150' title='bbox 357 3036 556 3112; x_wconf 88' lang='lat' dir='ltr'><strong>Pascalium</strong></span> <span class='ocrx_word' id='word_1_151' title='bbox 575 3036 734 3112; x_wconf 89' lang='lat' dir='ltr'><strong>eamdem</strong></span> <span class='ocrx_word' id='word_1_152' title='bbox 757 3038 822 3113; x_wconf 93' lang='lat' dir='ltr'><strong>sibi</strong></span> <span class='ocrx_word' id='word_1_153' title='bbox 841 3061 982 3116; x_wconf 87' lang='lat' dir='ltr'><strong>sumere</strong></span> <span class='ocrx_word' id='word_1_154' title='bbox 1000 3045 1211 3144; x_wconf 86' lang='lat' dir='ltr'><strong>materiam,</strong></span> 
     </span>
     <span class='ocr_line' id='line_1_23' title="bbox 32 3156 1211 3261; baseline 0.008 -28"><span class='ocrx_word' id='word_1_155' title='bbox 32 3197 34 3200; x_wconf 74' lang='lat'><em>.</em></span> <span class='ocrx_word' id='word_1_156' title='bbox 141 3167 176 3234; x_wconf 91' lang='lat' dir='ltr'><strong>et</strong></span> <span class='ocrx_word' id='word_1_157' title='bbox 208 3179 393 3256; x_wconf 88' lang='lat' dir='ltr'><strong>erumpere</strong></span> <span class='ocrx_word' id='word_1_158' title='bbox 424 3156 540 3233; x_wconf 90' lang='lat' dir='ltr'><strong>subito</strong></span> <span class='ocrx_word' id='word_1_159' title='bbox 566 3181 607 3233; x_wconf 90' lang='lat' dir='ltr'><strong>ac</strong></span> <span class='ocrx_word' id='word_1_160' title='bbox 638 3168 798 3232; x_wconf 89' lang='lat' dir='ltr'><strong>nostrum</strong></span> <span class='ocrx_word' id='word_1_161' title='bbox 830 3182 1122 3261; x_wconf 89' lang='lat' dir='ltr'><strong>unumquemque</strong></span> <span class='ocrx_word' id='word_1_162' title='bbox 1151 3169 1211 3244; x_wconf 92' lang='lat' dir='ltr'><strong>in-</strong></span> 
     </span>
     <span class='ocr_line' id='line_1_24' title="bbox 142 3280 1209 3384; baseline 0.009 -27"><span class='ocrx_word' id='word_1_163' title='bbox 142 3303 305 3381; x_wconf 88' lang='lat' dir='ltr'><strong>crepare,</strong></span> <span class='ocrx_word' id='word_1_164' title='bbox 333 3291 374 3355; x_wconf 90' lang='lat' dir='ltr'><strong>ut</strong></span> <span class='ocrx_word' id='word_1_165' title='bbox 399 3303 477 3378; x_wconf 88' lang='lat' dir='ltr'><strong>quae</strong></span> <span class='ocrx_word' id='word_1_166' title='bbox 494 3280 564 3356; x_wconf 91' lang='lat' dir='ltr'><strong>sint</strong></span> <span class='ocrx_word' id='word_1_167' title='bbox 587 3280 742 3356; x_wconf 84' lang='lat' dir='ltr'><strong>innubis</strong></span> <span class='ocrx_word' id='word_1_168' title='bbox 770 3283 943 3379; x_wconf 77' lang='lat' dir='ltr'><strong>contraria</strong></span> <span class='ocrx_word' id='word_1_169' title='bbox 963 3295 997 3358; x_wconf 93' lang='lat' dir='ltr'><strong>et</strong></span> <span class='ocrx_word' id='word_1_170' title='bbox 1014 3293 1209 3384; x_wconf 83' lang='lat' dir='ltr'><strong>pugnantia</strong></span> 
     </span>
     <span class='ocr_line' id='line_1_25' title="bbox 140 3389 1263 3509; baseline 0.009 -30"><span class='ocrx_word' id='word_1_171' title='bbox 140 3403 344 3506; x_wconf 79' lang='lat' dir='ltr'><strong>patefaciat,</strong></span> <span class='ocrx_word' id='word_1_172' title='bbox 376 3404 507 3479; x_wconf 88' lang='lat' dir='ltr'><strong>nedum</strong></span> <span class='ocrx_word' id='word_1_173' title='bbox 543 3405 635 3480; x_wconf 91' lang='lat' dir='ltr'><strong>circa</strong></span> <span class='ocrx_word' id='word_1_174' title='bbox 670 3427 767 3495; x_wconf 88' lang='lat' dir='ltr'><strong>rem,</strong></span> <span class='ocrx_word' id='word_1_175' title='bbox 805 3405 1044 3484; x_wconf 85' lang='lat' dir='ltr'><strong>delectationis</strong></span> <span class='ocrx_word' id='word_1_176' title='bbox 1076 3433 1209 3509; x_wconf 91' lang='lat' dir='ltr'><strong>causa,</strong></span> <span class='ocrx_word' id='word_1_177' title='bbox 1256 3389 1263 3403; x_wconf 52' lang='grc'>’</span> 
     </span>
     <span class='ocr_line' id='line_1_26' title="bbox 139 3530 1210 3628; baseline 0.007 -20"><span class='ocrx_word' id='word_1_178' title='bbox 139 3531 290 3608; x_wconf 88' lang='lat' dir='ltr'><strong>suaviter</strong></span> <span class='ocrx_word' id='word_1_179' title='bbox 307 3530 406 3605; x_wconf 90' lang='lat' dir='ltr'><strong>ludat</strong></span> <span class='ocrx_word' id='word_1_180' title='bbox 421 3540 456 3606; x_wconf 91' lang='lat' dir='ltr'><strong>et</strong></span> <span class='ocrx_word' id='word_1_181' title='bbox 473 3541 633 3627; x_wconf 89' lang='lat' dir='ltr'><strong>nugetur.</strong></span> <span class='ocrx_word' id='word_1_182' title='bbox 658 3530 836 3616; x_wconf 87' lang='lat' dir='ltr'><strong>Quantum</strong></span> <span class='ocrx_word' id='word_1_183' title='bbox 853 3554 925 3628; x_wconf 87' lang='lat' dir='ltr'><strong>prae</strong></span> <span class='ocrx_word' id='word_1_184' title='bbox 944 3532 1067 3609; x_wconf 90' lang='lat' dir='ltr'><strong>divinis</strong></span> <span class='ocrx_word' id='word_1_185' title='bbox 1085 3535 1154 3612; x_wconf 89' lang='lat' dir='ltr'><strong>illis</strong></span> <span class='ocrx_word' id='word_1_186' title='bbox 1173 3553 1210 3616; x_wconf 90' lang='lat' dir='ltr'><strong>et</strong></span> 
     </span>
     <span class='ocr_line' id='line_1_27' title="bbox 139 3649 1129 3752; baseline 0 -24"><span class='ocrx_word' id='word_1_187' title='bbox 139 3651 280 3750; x_wconf 90' lang='lat' dir='ltr'><strong>tragicis</strong></span> <span class='ocrx_word' id='word_1_188' title='bbox 301 3651 352 3725; x_wconf 90' lang='lat' dir='ltr'><strong>vel</strong></span> <span class='ocrx_word' id='word_1_189' title='bbox 377 3649 585 3749; x_wconf 89' lang='lat' dir='ltr'><strong>lepidissimi</strong></span> <span class='ocrx_word' id='word_1_190' title='bbox 604 3650 769 3749; x_wconf 78' lang='lat' dir='ltr'><strong>frigerent</strong></span> <span class='ocrx_word' id='word_1_191' title='bbox 791 3660 825 3724; x_wconf 90' lang='lat' dir='ltr'><strong>et</strong></span> <span class='ocrx_word' id='word_1_192' title='bbox 845 3652 1027 3727; x_wconf 86' lang='lat' dir='ltr'><strong>sorderent</strong></span> <span class='ocrx_word' id='word_1_193' title='bbox 1039 3654 1129 3752; x_wconf 84' lang='lat' dir='ltr'><strong>joci!</strong></span> 
     </span>
    </p>

    <p class='ocr_par' dir='ltr' id='par_1_6' title="bbox 137 3771 1245 4244">
     <span class='ocr_line' id='line_1_28' title="bbox 187 3771 1206 3873; baseline 0.003 -22"><span class='ocrx_word' id='word_1_194' title='bbox 187 3774 224 3851; x_wconf 91' lang='lat' dir='ltr'><strong>Si</strong></span> <span class='ocrx_word' id='word_1_195' title='bbox 243 3773 320 3872; x_wconf 92' lang='lat' dir='ltr'><strong>quis</strong></span> <span class='ocrx_word' id='word_1_196' title='bbox 342 3773 447 3873; x_wconf 87' lang='lat' dir='ltr'><strong>paulo</strong></span> <span class='ocrx_word' id='word_1_197' title='bbox 465 3772 617 3847; x_wconf 91' lang='lat' dir='ltr'><strong>tristiora</strong></span> <span class='ocrx_word' id='word_1_198' title='bbox 637 3771 930 3872; x_wconf 89' lang='lat' dir='ltr'><strong>philosophorum</strong></span> <span class='ocrx_word' id='word_1_199' title='bbox 948 3774 1105 3851; x_wconf 90' lang='lat' dir='ltr'><strong>instituta</strong></span> <span class='ocrx_word' id='word_1_200' title='bbox 1124 3801 1206 3855; x_wconf 82' lang='lat' dir='ltr'><strong>car·</strong></span> 
     </span>
     <span class='ocr_line' id='line_1_29' title="bbox 139 3895 1204 3995; baseline 0.006 -22"><span class='ocrx_word' id='word_1_201' title='bbox 139 3897 277 3974; x_wconf 91' lang='lat' dir='ltr'><strong>minum</strong></span> <span class='ocrx_word' id='word_1_202' title='bbox 293 3897 411 3995; x_wconf 91' lang='lat' dir='ltr'><strong>lepore</strong></span> <span class='ocrx_word' id='word_1_203' title='bbox 429 3895 603 3970; x_wconf 87' lang='lat' dir='ltr'><strong>laetificare</strong></span> <span class='ocrx_word' id='word_1_204' title='bbox 619 3895 729 3986; x_wconf 90' lang='lat' dir='ltr'><strong>volet,</strong></span> <span class='ocrx_word' id='word_1_205' title='bbox 745 3895 777 3970; x_wconf 86' lang='lat' dir='ltr'><strong>ei</strong></span> <span class='ocrx_word' id='word_1_206' title='bbox 792 3897 903 3971; x_wconf 87' lang='lat' dir='ltr'><strong>multa</strong></span> <span class='ocrx_word' id='word_1_207' title='bbox 920 3911 1024 3972; x_wconf 89' lang='lat' dir='ltr'><strong>erunt</strong></span> <span class='ocrx_word' id='word_1_208' title='bbox 1041 3903 1204 3980; x_wconf 89' lang='lat' dir='ltr'><strong>cavenda.</strong></span> 
     </span>
     <span class='ocr_line' id='line_1_30' title="bbox 138 4019 1245 4120; baseline 0.005 -23"><span class='ocrx_word' id='word_1_209' title='bbox 138 4020 237 4120; x_wconf 87' lang='lat' dir='ltr'><strong>Saepe</strong></span> <span class='ocrx_word' id='word_1_210' title='bbox 251 4020 290 4094; x_wconf 88' lang='lat' dir='ltr'><strong>fit</strong></span> <span class='ocrx_word' id='word_1_211' title='bbox 307 4019 402 4094; x_wconf 89' lang='lat' dir='ltr'><strong>enim</strong></span> <span class='ocrx_word' id='word_1_212' title='bbox 420 4030 459 4094; x_wconf 91' lang='lat' dir='ltr'><strong>ut</strong></span> <span class='ocrx_word' id='word_1_213' title='bbox 475 4040 651 4118; x_wconf 88' lang='lat' dir='ltr'><strong>personae,</strong></span> <span class='ocrx_word' id='word_1_214' title='bbox 666 4040 753 4115; x_wconf 91' lang='lat' dir='ltr'><strong>quas</strong></span> <span class='ocrx_word' id='word_1_215' title='bbox 767 4029 868 4116; x_wconf 88' lang='lat' dir='ltr'><strong>pocta</strong></span> <span class='ocrx_word' id='word_1_216' title='bbox 885 4019 1012 4095; x_wconf 84' lang='lat' dir='ltr'><strong>format</strong></span> <span class='ocrx_word' id='word_1_217' title='bbox 1028 4032 1062 4097; x_wconf 88' lang='lat' dir='ltr'><strong>et</strong></span> <span class='ocrx_word' id='word_1_218' title='bbox 1078 4023 1114 4097; x_wconf 90' lang='lat' dir='ltr'><strong>in</strong></span> <span class='ocrx_word' id='word_1_219' title='bbox 1130 4026 1205 4105; x_wconf 90' lang='lat' dir='ltr'><strong>suis</strong></span> <span class='ocrx_word' id='word_1_220' title='bbox 1241 4027 1245 4034; x_wconf 83' lang='grc'><strong>’</strong></span> 
     </span>
     <span class='ocr_line' id='line_1_31' title="bbox 137 4143 1200 4244; baseline 0.006 -25"><span class='ocrx_word' id='word_1_221' title='bbox 137 4145 272 4220; x_wconf 90' lang='lat' dir='ltr'><strong>inducit</strong></span> <span class='ocrx_word' id='word_1_222' title='bbox 287 4145 467 4244; x_wconf 88' lang='lat' dir='ltr'><strong>operibus,</strong></span> <span class='ocrx_word' id='word_1_223' title='bbox 484 4144 572 4219; x_wconf 91' lang='lat' dir='ltr'><strong>nihil</strong></span> <span class='ocrx_word' id='word_1_224' title='bbox 588 4143 740 4218; x_wconf 90' lang='lat' dir='ltr'><strong>habeant</strong></span> <span class='ocrx_word' id='word_1_225' title='bbox 755 4144 826 4219; x_wconf 89' lang='lat' dir='ltr'><strong>veri</strong></span> <span class='ocrx_word' id='word_1_226' title='bbox 840 4155 874 4219; x_wconf 92' lang='lat' dir='ltr'><strong>et</strong></span> <span class='ocrx_word' id='word_1_227' title='bbox 886 4145 1051 4223; x_wconf 87' lang='lat' dir='ltr'><strong>humanae</strong></span> <span class='ocrx_word' id='word_1_228' title='bbox 1065 4160 1200 4226; x_wconf 86' lang='lat' dir='ltr'><strong>naturae</strong></span> 
     </span>
    </p>
   </div>
   <div class='ocr_carea' id='block_1_5' title="bbox 0 0 1490 5190">
    <p class='ocr_par' dir='ltr' id='par_1_7' title="bbox 0 0 1490 5190">
     <span class='ocr_line' id='line_1_32' title="bbox 0 0 1490 5190; baseline 0 0"><span class='ocrx_word' id='word_1_229' title='bbox 0 0 1490 5190; x_wconf 95' lang='lat' dir='ltr'><strong> </strong></span> 
     </span>
    </p>
   </div>
  </div>
 </body>
</html>
