2970 5190
657 477 703 550 18

148 623 216 685 tur.
235 613 270 686 Si
285 613 380 708 quis,
396 615 431 685 in
448 614 584 687 infinita
598 637 717 689 rerum
732 626 872 703 natura,
886 637 1035 710 quarum
1051 619 1231 695 medium

41 783 45 791 -
145 747 197 809 est
210 736 355 833 ubique,
372 748 412 811 ut
430 738 477 811 ait
489 738 686 828 Pascalim,
700 737 868 812 circuitus
884 732 1077 832 n'usquam,
1090 755 1233 817 semet-

144 855 281 954 ipsum,
304 856 398 931 velut
423 857 606 931 arenulam
631 855 841 952 quamdam,
865 863 986 967 sponte
1009 859 1232 935 considera-

143 979 246 1068 verit,
260 978 477 1073 quambrevi
492 988 674 1054 ventorum
689 978 791 1051 ssatus
806 976 851 1049 sit
865 976 1059 1069 ablaturus3
1080 980 1111 1054 is
1125 981 1168 1054 in
1188 1007 1231 1058 se

145 1099 342 1175 uberiorem
361 1100 510 1197 reperiet
527 1100 700 1176 nobilium
713 1099 921 1175 carminum
945 1101 1078 1175 iontem
1105 1126 1228 1200 quam

142 1222 203 1318 qui
221 1246 403 1320 nunquam
421 1224 496 1299 sine
515 1224 604 1299 duce
630 1247 736 1299 ausus
758 1234 809 1298 est
826 1225 987 1321 progredi
1012 1236 1047 1299 et
1069 1249 1228 1327 semper

51 1402 55 1408 .
141 1343 300 1440 priorum
315 1344 454 1442 vestigia
474 1345 639 1420 adoravit.

190 1447 280 1549 Quid
306 1465 348 1538 ad
367 1487 424 1539 me
442 1465 589 1538 numina
608 1485 675 1538 nec
700 1486 718 1537 a
744 1462 952 1553 lectoribus,
980 1486 1045 1540 nec
1071 1466 1226 1567 abipso

141 1596 243 1683 poeta
267 1610 330 1686 pro
360 1587 447 1661 veris
471 1586 607 1677 habita,
629 1609 707 1683 quae
730 1586 860 1661 Statius
886 1596 920 1661 et
943 1586 1048 1661 Silius
1073 1587 1113 1661 in
1142 1595 1226 1668 suis

141 1711 312 1807 poematis
330 1711 569 1786 induxerunt?
589 1710 726 1797 Quanto
745 1711 893 1801 rectius,
912 1711 972 1808 qui
992 1710 1164 1789 miseram
1185 1729 1226 1792 et

141 1835 424 1925 lamentandam,
453 1835 569 1909 statim
598 1835 641 1909 ab
668 1845 763 1925 ortu,
789 1835 943 1910 hominis
968 1835 1223 1914 conditionem

141 1959 197 2032 his
215 1959 372 2034 versibus
390 1959 594 2055 eloquenter
613 1958 717 2033 deflet
734 1968 768 2031 et
789 1958 1036 2054 conqueritur:

249 2228 317 2284 Tum
330 2240 413 2299 porro
427 2242 509 2299 puer,
524 2234 554 2286 ut
567 2228 647 2285 saevis
660 2229 801 2299 projectus
814 2229 848 2286 ab
864 2229 953 2286 undis⁴

249 2325 359 2394 Navita,
376 2325 467 2381 nudus
480 2324 554 2382 humi
564 2326 655 2394 jacet,
670 2324 776 2391 infans,
793 2326 904 2396 indigus
921 2326 994 2383 omni

218 2433 220 2436 ⁴
250 2415 332 2472 Vitali
345 2416 460 2487 anxilio,
476 2431 537 2473 cnm
552 2416 668 2487 primum
681 2417 710 2473 in
723 2416 836 2473 luminis
849 2431 912 2474 oras

250 2514 366 2573 Nixibns
379 2529 413 2571 er
425 2515 485 2571 alvo
499 2515 596 2571 matris
607 2520 704 2571 natura
718 2514 854 2586 profudit3

250 2612 404 2682 Vagituque
418 2613 508 2669 locum
522 2610 632 2690 lugubri
646 2611 779 2683 complet,
794 2616 825 2667 ut
837 2626 944 2682 aequum
958 2619 1016 2680 est,

250 2708 302 2766 Cui
316 2712 422 2766 tanturn
436 2709 463 2765 io
478 2709 533 2765 vita
546 2712 633 2764 restet
646 2708 763 2764 transire
776 2707 909 2765 malorum
925 2708 942 2763 ¹.

191 2942 256 3031 llla
280 2943 435 3018 carmina
454 2964 525 3016 non
553 2952 635 3015 sunt
663 2965 703 3017 ea
731 2964 809 3037 quae
836 2940 944 3016 semel
972 2941 1119 3040 pulchra
1138 2945 1219 3021 visa

143 3063 288 3154 luerint,
319 3064 518 3164 saeculoque
548 3074 686 3137 tantum
717 3063 779 3136 uni
809 3064 1023 3161 placuerint,
1055 3086 1217 3162 sequen-

143 3184 237 3259 tibus
258 3187 417 3261 aetatibus
444 3186 677 3284 despicienda.
702 3186 833 3259 Eorum
859 3196 977 3260 manet
1002 3208 1217 3289 semperque

145 3310 299 3384 manebit
326 3311 419 3384 vivax
449 3309 699 3409 pulchritud0,
726 3309 855 3407 quippe
880 3333 958 3407 quae
982 3332 1079 3384 veros
1108 3322 1218 3386 aeter-

145 3450 278 3526 nosque
297 3429 405 3502 animi
431 3451 555 3504 sensus
580 3427 733 3502 mirabili
760 3428 913 3525 quodam
939 3429 1044 3503 modo
1069 3451 1217 3526 expres·

144 3548 263 3623 serini.

192 3674 284 3749 Dum
303 3694 428 3770 pravus
455 3672 602 3746 deorum
631 3671 747 3747 cultus
771 3671 924 3768 aliquam
952 3670 1044 3769 apud
1069 3682 1215 3767 gentem

144 3792 271 3889 vigebit
285 3803 320 3866 et
337 3816 355 3867 a
374 3791 589 3890 sapientibus
613 3815 703 3890 aegre
726 3791 944 3882 tolerabitur,
964 3793 1038 3866 haec
1056 3791 1213 3868 admira-

145 3913 276 3990 tionem
294 3926 328 3989 et
345 3915 490 4013 plausus
508 3915 695 3990 hominum
713 3915 921 3992 movebunt:

179 4183 308 4245 ¹Lucret.
326 4190 368 4243 De
381 4194 443 4245 nat.
458 4203 528 4256 ren,
543 4185 561 4245 l.
577 4187 608 4259 V,
622 4201 647 4245 v.
661 4191 723 4248 223.
