2970 5190
520 480 649 554 ‚47

36 719 40 726 ι
112 697 115 701 ,
140 621 275 707 Quanto
293 621 450 695 viridiori
472 632 571 697 motu
589 622 828 720 percelluntur
850 623 957 697 animi
976 620 1157 720 questibus

90 751 125 816 et
137 740 299 817 lamentis
309 742 555 840 hujuscemodi
568 765 674 838 quam
686 742 798 838 rigida
811 743 876 817 ista
889 754 923 817 et
937 742 1082 818 immota
1095 745 1159 818 Ca-

88 862 181 935 tonis
199 862 412 952 constantia,
430 885 536 961 super
555 863 732 936 Iortunam
750 872 785 936 et
802 885 904 936 casus
927 862 1013 936 adeo
1032 886 1157 937 exsur-

88 983 218 1080 gentis,
237 994 294 1074 ut,
312 983 385 1060 ictu
402 984 446 1058 ab
463 984 605 1058 homine
624 985 778 1081 quodam
792 994 957 1081 accepto,
976 1007 1012 1058 se
1035 986 1157 1061 verbe-

90 1118 208 1181 ratum
226 1118 344 1204 neget3
369 1107 498 1205 quippe
525 1131 629 1204 quem
657 1109 744 1182 nihil
771 1109 966 1205 inquietare
992 1111 1102 1207 possit
1126 1121 1161 1184 et

89 1253 154 1306 sua
173 1229 274 1326 quasi
292 1253 332 1304 ex
350 1253 430 1305 aree
455 1231 620 1328 dejiceret
640 1231 709 1305 Res
735 1229 831 1305 dictu
859 1229 1044 1305 mirabilis!
1064 1233 1156 1308 Deus

88 1353 262 1442 hominis,
275 1354 381 1428 homo
396 1351 458 1426 Dei
473 1353 605 1427 vicibus
618 1354 792 1449 fungitur,
804 1354 890 1428 dum
903 1354 990 1428 alter
1002 1355 1050 1429 ita
1063 1378 1159 1430 mor-

90 1487 162 1552 tem
182 1475 391 1572 dedignatur
407 1487 442 1549 et
460 1475 589 1550 callum
605 1476 794 1573 quemdam
812 1475 957 1550 obducit
971 1477 1100 1566 dolori,
1120 1489 1160 1552 ut

92 1613 249 1675 nostram
272 1598 417 1674 omnino
441 1600 598 1675 videatur
619 1601 753 1674 exuisse
777 1612 958 1690 naturam,
981 1602 1158 1677 coelestem

91 1721 189 1795 illam
204 1720 370 1818 sapientis
385 1723 574 1800 άπαθείαν
589 1730 817 1810 consecutus;
835 1720 923 1794 alter
938 1743 1018 1795 vero
1034 1722 1080 1795 ita
1100 1745 1159 1797 su-

92 1871 256 1946 premum
270 1847 362 1922 diem
374 1858 408 1921 et
421 1847 576 1946 corporis
588 1846 765 1930 cruciatus
784 1846 1009 1943 deprecatur,
1024 1858 1064 1920 ut
1078 1838 1158 1921 eum

93 1969 281 2044 divinitatis
296 1991 369 2044 suae
383 1968 552 2058 oblitum,
567 1978 601 2043 et
615 1992 728 2043 unuru
743 1968 846 2067 plane
862 1991 902 2043 ex
915 1968 1017 2042 nobis
1028 1969 1159 2043 sactum

93 2091 278 2166 existimes.
301 2092 388 2165 Inde
412 2090 612 2181 conficitur,
638 2102 677 2165 ut
700 2089 758 2164 ille
782 2090 870 2164 nihil
898 2091 1159 2188 quodammodo

92 2213 280 2288 nobiscum
301 2213 435 2300 habens
454 2235 661 2302 commune,
680 2235 744 2286 nos
768 2213 888 2302 istius,
906 2236 1012 2308 quam
1032 2213 1160 2287 menti-

92 2347 167 2424 tur,
185 2335 386 2410 indolentiae
404 2336 507 2409 saciat
520 2335 726 2432 participes,
743 2334 801 2409 hic
819 2357 898 2409 vero
917 2344 1038 2408 contra
1057 2335 1158 2410 nobis
1207 2397 1209 2400 .

92 2461 197 2533 etiarn
215 2457 330 2532 invitis
348 2459 520 2557 lacrymas
547 2458 709 2556 lacrymis
733 2457 866 2548 eliciat;
892 2480 973 2531 nam
991 2460 1157 2534 mortales

92 2582 257 2657 mortalia
274 2592 432 2678 tooqoot.

499 2985 645 3061 CAPUT
670 2984 758 3060 VIII.

343 3160 389 3214 nu
406 3155 474 3214 nuo
493 3157 585 3212 aruo
603 3155 737 3212 rorrxs
755 3152 907 3211 srorcos

141 3432 266 3508 Stoicis
281 3429 568 3529 perincommode
583 3426 726 3514 accidit,
744 3434 866 3498 utnon
884 3420 1091 3510 habuerint,
1109 3421 1156 3494 si-

94 3565 153 3629 cut
169 3552 342 3650 epicurei,
362 3561 473 3625 vatem
496 3548 692 3647 egregium,
716 3544 776 3641 qui
802 3543 960 3616 instituta
981 3562 1103 3614 eorum
1122 3551 1157 3613 et

92 3684 265 3773 praecepta
300 3673 464 3747 omnibus
502 3667 642 3744 dicendi
680 3663 875 3739 luminibus
914 3661 1154 3756 distingueret.

92 3799 195 3875 Nunc
211 3809 346 3887 autem,
365 3798 395 3870 si
409 3795 569 3870 volumus
590 3791 680 3866 seire
698 3789 782 3886 quid
803 3789 839 3860 in
859 3785 1075 3860 carminibus
1094 3808 1156 3882 po-

93 3920 240 4008 tuerint,
271 3941 312 3993 eo
341 3915 565 4001 adducimur,
597 3920 636 3985 ut
667 3910 848 4004 discerptae
879 3927 1022 4002 poeseos
1055 3903 1155 4000 quasi

93 4046 251 4120 membra
275 4042 431 4139 undique
455 4038 678 4134 colligamus,
696 4033 859 4131 quaesibi
885 4030 1071 4127 aliquando
1097 4052 1155 4120 pa-

93 4191 173 4245 rum
192 4165 399 4242 conveniant
415 4174 451 4240 et
475 4185 515 4238 ex
542 4160 669 4258 quibus
697 4158 784 4231 nihil
811 4155 981 4231 efficiatur
1006 4153 1153 4253 simplex
