2970 5190
722 519 796 596 l39

218 669 465 750 deflexerimus
498 667 715 761 orationem,
747 673 806 746 hic
842 672 974 770 majora
1007 672 1112 748 etiam
1146 674 1289 750 sortasse

217 816 328 893 quam
356 792 429 867 illic
458 791 699 884 inveniemus,
726 804 760 867 et
788 793 964 870 Zenonem
993 794 1189 872 videbimus
1218 819 1289 874 non

216 939 325 1017 parvo
341 915 544 1014 adjumento
564 914 739 1014 discipulo
756 915 873 992 luisse.

268 1038 402 1115 Auctor
420 1046 556 1128 noster,
578 1049 619 1112 ut
632 1049 771 1137 poetam
790 1039 890 1114 decet
909 1039 1233 1139 philosophantem,
1257 1051 1291 1118 et

218 1183 356 1259 eaquae
374 1159 417 1235 ad
435 1181 552 1235 mores
570 1169 605 1235 et
630 1159 789 1236 instituta
808 1170 966 1260 spectant
991 1162 1164 1239 curiosius
1183 1185 1291 1261 quam

218 1281 347 1358 bellica
370 1281 459 1356 lacta
479 1290 758 1373 consectantem,
785 1283 897 1358 multa
923 1306 984 1359 seu
1003 1284 1046 1360 de
1063 1284 1207 1376 divinis,
1228 1307 1290 1360 seu

219 1399 265 1476 de
283 1399 356 1475 Deo
373 1399 452 1498 ipso
475 1400 626 1498 scripsit.
651 1400 718 1475 Sed
743 1401 811 1477 hoc
834 1404 905 1478 sere
927 1405 1110 1503 proprium
1133 1415 1167 1480 et
1184 1428 1292 1505 pecu-

218 1523 308 1598 liare
333 1523 426 1598 inter
451 1532 571 1622 poetas
595 1523 720 1614 habet,
739 1525 856 1623 quod,
883 1525 969 1601 dum
993 1528 1195 1626 vulgaribus
1219 1551 1289 1605 non

219 1644 367 1722 adhibet
383 1645 490 1722 fidem
515 1646 761 1744 religionibus,
782 1671 840 1724 eas
859 1659 979 1724 tamen
1002 1651 1134 1726 mirum
1158 1653 1194 1727 in
1214 1675 1291 1727 mo-

218 1769 310 1844 dum
326 1769 438 1846 soleat
455 1769 664 1846 describere.
685 1771 817 1847 Earum
843 1772 1079 1865 caerimonias,
1105 1786 1139 1851 et
1166 1799 1290 1852 sensus

219 1890 354 1989 quibus
371 1891 535 1967 homines
557 1892 735 1983 afficiunt,
753 1893 801 1968 ita
819 1893 1004 1990 cogitando
1027 1895 1094 1971 sibi
1118 1897 1238 1993 fingit,
1253 1908 1293 1972 ut

219 2014 391 2090 salsorum
419 2014 608 2089 numinum
640 2014 892 2114 aliquantisper
925 2015 992 2091 sibi
1024 2017 1182 2094 videatur
1215 2042 1291 2096 esse

220 2137 357 2228 cultor,
385 2146 419 2211 et
444 2124 543 2211 sacra
567 2137 668 2234 quasi
691 2138 897 2228 tormidine,
921 2161 989 2237 qua
1013 2151 1174 2216 movetur
1198 2143 1292 2241 ipse,

221 2257 415 2355 legentium
446 2280 587 2358 quoque
616 2258 752 2335 animos
782 2271 1011 2336 commoveat.
1038 2262 1138 2349 Quod
1164 2275 1204 2340 ut
1229 2265 1291 2342 tibi

219 2383 448 2460 manifestum
460 2384 521 2460 fiat
532 2440 541 2474 ,
553 2386 649 2461 hunc
662 2395 803 2484 poetam
818 2385 912 2483 legas
923 2386 1027 2461 velim
1039 2385 1291 2464 Massiliensem

220 2504 345 2581 lucum
369 2506 646 2599 describentem,
673 2530 780 2605 quam
806 2508 925 2583 sedem
950 2509 1126 2584 horrenda
1152 2511 1291 2587 obtine·

220 2632 283 2741 hat
308 2633 449 2731 religio,
476 2642 510 2707 et
539 2632 654 2709 videas
679 2657 787 2732 quam
813 2634 896 2708 atris
926 2634 1103 2711 coloribus
1125 2659 1206 2711 eum
1233 2636 1293 2711 de-

218 2755 373 2854 pinxerit
390 2765 424 2831 et
442 2765 580 2832 nostros
597 2757 699 2855 quasi
725 2768 805 2833 ante
831 2758 952 2833 oculos
970 2759 1201 2857 proposuerit.
1225 2760 1292 2834 Ve-

220 2890 325 2955 tustae
342 2879 410 2953 illae
435 2878 598 2972 arbores,
612 2881 687 2979 jam
713 2881 783 2956 situ
807 2881 1193 2973 albescentes,umbra
1220 2892 1292 2958 tam
1332 2893 1338 2901 “

221 3004 331 3079 densa
350 3026 390 3079 ac
405 3002 589 3093 continua,
616 3002 779 3079 informia
803 3027 844 3079 ac
861 3014 986 3080 moesta
1010 3005 1157 3080 deorum
1182 3005 1292 3081 simu-

220 3126 335 3217 lacra,
365 3125 450 3201 dirae
480 3149 548 3202 aree
578 3127 748 3224 sanguine
777 3127 933 3202 humano
963 3151 1108 3227 semper·
1132 3127 1293 3220 imbutae,

220 3272 329 3327 nemo
347 3260 401 3326 est
417 3270 524 3349 quem
540 3274 611 3326 non
629 3251 760 3327 laniant
775 3251 974 3327 attonitum.
992 3252 1101 3328 Multa
1117 3253 1292 3352 prodigia,

221 3373 252 3448 si
271 3396 342 3447 non
357 3394 457 3463 vera,
476 3381 570 3446 certe
588 3394 651 3470 pro
667 3371 755 3446 veris
770 3371 910 3462 habita,
929 3371 1065 3446 addunt
1083 3371 1292 3462 terroribus,

221 3495 270 3568 ita
294 3503 335 3567 ut
351 3493 431 3591 jure
449 3492 544 3568 dicat
560 3493 726 3568 Lucanus
751 3493 867 3592 ipsum
891 3493 1109 3568 sacerdotem
1128 3516 1292 3568 accessus

222 3638 364 3716 pavere,
383 3598 578 3713 timoreque
597 3638 641 3691 ne
659 3615 730 3691 luci
748 3615 934 3690 dominum
952 3614 1227 3713 deprehendat¹.

271 3733 339 3810 Sed
364 3743 481 3810 noster
506 3735 656 3834 scriptor
678 3756 748 3809 non
776 3735 806 3809 is
831 3744 883 3810 est
906 3735 967 3833 qui
988 3735 1094 3810 veluti
1117 3758 1293 3810 summam

223 3881 344 3934 rerum
361 3869 497 3958 partem
517 3858 664 3956 attingat
679 3859 814 3950 leviter,
833 3882 947 3957 neque
965 3859 1002 3933 in
1021 3881 1142 3933 earum
1159 3859 1293 3937 viscera

223 3981 398 4080 inspiciat.
426 3981 477 4056 De
506 3981 691 4057 animabus
719 4005 758 4057 ex
784 4006 856 4057 uno
875 4003 1020 4082 corporo
1047 3982 1083 4055 in
1112 3982 1209 4058 aliud
1227 3984 1294 4058 mi-

224 4102 407 4200 grantibus
425 4113 529 4202 atque
548 4114 643 4179 artus
659 4104 744 4181 alios
765 4105 833 4180 alio
849 4106 885 4180 in
896 4095 985 4182 'orbe
999 4105 1201 4203 regentibus
1222 4106 1294 4182 exi-

262 4297 271 4334 ¹
285 4297 399 4370 Plora,
412 4298 430 4356 l.
446 4299 497 4371 111,
513 4312 538 4356 v.
556 4300 617 4358 lzd.
