2970 5190
707 488 755 562 36

202 635 384 731 loscphos,
401 633 460 729 qui
479 633 627 727 insignia
645 630 757 727 aliqua
777 632 813 704 in
832 631 948 705 lucem
963 627 1152 704 ediderunt
1168 627 1274 700 insti-

204 768 294 847 tuta,
315 769 391 831 tum
409 756 559 830 maxime
576 755 809 853 Chrysippum
836 753 982 851 plurimi
1004 751 1100 840 facit,
1118 751 1274 848 ejusque

203 901 284 953 cum
300 877 436 976 placitis
455 877 580 975 placita
597 900 658 951 sua
675 876 746 950 vult
763 874 960 949 convenire.

250 999 342 1073 lllud
359 1021 498 1094 quoque
520 996 637 1072 stoicis
660 997 726 1071 fuit
746 996 943 1093 objectum,
962 992 1055 1091 quod
1074 991 1270 1067 sublimem

203 1122 392 1220 quamdam
408 1121 542 1195 honesti
561 1122 709 1195 formam
730 1130 764 1193 et
786 1119 939 1217 speciem
958 1118 1075 1191 animo
1093 1138 1271 1214 concepe-

202 1251 301 1330 runt,
327 1262 431 1337 quam
450 1263 552 1315 nemo
572 1261 728 1336 unquam
745 1239 843 1313 factis
868 1247 902 1311 et
919 1235 1078 1311 moribus
1100 1235 1271 1332 effingere

201 1369 236 1433 et
260 1359 451 1457 exprimere
477 1369 589 1454 queat.
618 1358 703 1443 Quis
729 1368 846 1430 autem
873 1380 944 1430 non
966 1354 1059 1429 videt
1082 1377 1162 1430 eam
1190 1376 1271 1429 esse

202 1476 284 1550 artis
303 1478 472 1574 cujusque
490 1475 746 1564 conditionem,
764 1486 804 1549 ut
820 1475 977 1572 primum
996 1474 1116 1548 artifex
1139 1473 1177 1546 id
1197 1495 1271 1570 quo

201 1601 290 1675 nihil
304 1601 491 1699 perfectius
510 1601 646 1698 concipi
665 1599 774 1697 possit
792 1600 977 1697 cogitando
996 1599 1270 1696 complectatur;

202 1722 302 1812 dein,
335 1746 406 1797 non
439 1722 590 1820 optima,
620 1721 680 1796 sed
715 1744 793 1819 quae
824 1731 908 1795 sunt
938 1720 1079 1819 optimis
1108 1721 1270 1818 proxima

203 1847 337 1943 agendo
355 1845 502 1920 efficiat?

251 1968 389 2042 Marcus
405 1967 557 2056 TulliuS,
573 1989 654 2041 cum
680 1967 888 2063 praeclarum
913 1964 1002 2039 illud
1022 1965 1169 2039 oratoris
1189 1965 1272 2038 des-

112 2132 117 2139 -
205 2090 326 2186 cripsit
343 2089 533 2185 exemplar,
552 2090 644 2186 apud
660 2111 782 2162 omues
800 2089 996 2162 litterarum
1013 2087 1189 2161 studiosos
1208 2087 1272 2160 ho-

204 2212 318 2286 mines
338 2212 412 2309 jam
438 2212 696 2309 pervulgatum,
715 2235 785 2286 non
808 2223 983 2287 oratorem
1009 2211 1199 2308 quemdam
1217 2210 1271 2284 vel

205 2330 501 2420 illustrissimum,
517 2330 689 2405 Periclem
711 2331 789 2406 dico
809 2344 869 2406 aut
886 2332 1176 2420 Demosthenem,
1199 2332 1272 2406 ele-

206 2450 275 2546 git,
289 2472 398 2545 ,quem
414 2447 514 2523 nobis
533 2461 743 2547 proponeret
767 2453 809 2525 ad
833 2452 1045 2526 imitandum
1052 2477 1062 2541 ;
1077 2451 1139 2524 sed
1157 2464 1273 2526 crato-

207 2592 281 2643 rem
300 2571 360 2667 qui
382 2592 564 2666 nunquam
587 2570 667 2658 fuit,
685 2594 869 2669 nunquam
887 2573 968 2661 erit,
989 2572 1050 2646 sed
1071 2573 1273 2669 concipitur

207 2702 338 2779 tamen,
369 2692 473 2766 etad
503 2693 603 2790 cujus
633 2694 818 2788 cogitatam
846 2696 999 2792 speciem
1025 2695 1272 2792 unusquisque

207 2826 282 2885 sese
305 2813 521 2885 conformare
550 2811 652 2885 debet
677 2824 712 2885 et
735 2812 1012 2887 accommodare.
1040 2812 1131 2899 Quid
1154 2812 1274 2888 dicam

209 2932 251 3006 de
269 2933 435 3021 Platone,
450 2933 509 3005 illo
527 2933 686 3006 omnium
704 2934 863 3031 principe
879 2935 1190 3033 philosophorum,
1209 2937 1273 3033 qui

207 3053 344 3127 homini
362 3053 404 3126 ad
424 3054 611 3150 perfectam
628 3055 914 3152 cumulatamque
931 3057 1094 3132 virtutem
1112 3057 1275 3131 tendenti

211 3175 299 3248 nihil
318 3186 435 3248 actum
452 3174 596 3272 putabat
613 3177 697 3250 dum
712 3176 844 3272 aliquid
862 3179 1037 3274 agendum
1055 3191 1275 3277 superesset,

211 3297 313 3392 eique
348 3298 414 3398 alp
449 3307 498 3399 τῷ
532 3303 606 3399 Θεῷ
637 3303 806 3396 ὁμοίωσιν
836 3321 1043 3396 supremum
1074 3280 1277 3395 assignabat

212 3420 345 3494 fiuem‘?
370 3418 461 3505 Quid
486 3421 528 3493 de
552 3421 626 3518 ipsa
653 3421 840 3495 christiana
870 3422 1055 3518 religione,
1078 3447 1173 3520 quae,
1200 3446 1276 3498 non

214 3544 435 3633 hominibus,
459 3554 498 3618 ut
517 3545 609 3640 quod
633 3545 734 3641 vulgo
756 3547 795 3618 frt
815 3546 851 3620 id
873 3548 1001 3621 faciant
1017 3525 1194 3648 praecipit,
1211 3550 1275 3625 sed

215 3668 308 3763 quod
319 3666 394 3739 fieri
408 3666 667 3763 quodammodo
682 3669 816 3763 nequit,
829 3669 863 3742 id
877 3669 1096 3766 potissimum
1104 3671 1206 3769 jubet
1214 3694 1276 3747 eos

215 3786 349 3887 facerc‘l
373 3786 457 3871 Quis
476 3787 604 3881 estqui
623 3786 800 3859 Christum
819 3787 964 3861 audiens
983 3789 1084 3863 nobis
1103 3790 1277 3866 mandan-

216 3920 285 3982 tem
300 3920 355 3998 ut,
370 3908 471 3982 bonis
487 3907 650 3982 omnibus
664 3907 825 3995 venditis,
841 3909 1054 4007 pauperibus
1065 3934 1185 3986 eorum
1200 3936 1278 4010 pre-

217 4030 306 4103 tium
322 4032 461 4119 demus,
479 4040 538 4103 aut
555 4030 828 4104 exclamantem:
852 4030 1028 4105 «Perfecti
1043 4042 1166 4123 estote,
1185 4034 1278 4109 sicut

218 4162 317 4250 pater
333 4175 432 4227 meus
450 4163 502 4227 est
517 4153 734 4250 perfectus»,
753 4175 877 4248 negare
895 4152 1041 4244 audeat,
1060 4177 1142 4230 eum
1161 4155 1277 4230 homi-
