2970 5190
724 538 771 626 89

216 694 301 782 lert,
321 713 399 791 quae
416 693 506 769 nulli
523 694 593 768 sint
613 696 755 795 propria
776 695 1025 795 philosophiae,
1041 708 1076 772 et
1092 697 1135 773 de
1152 700 1280 797 quibus

215 814 354 891 nullum
373 815 463 889 heu!
481 816 592 915 possit
610 839 684 892 esse
702 819 887 894 dissidium
899 820 922 891 ¹.

262 938 364 1025 Quod
382 941 425 1015 ad
440 943 567 1017 stoicos
586 944 722 1035 attinet,
741 945 901 1021 mirabile
916 954 969 1020 est
983 955 1154 1044 quantum
1172 945 1281 1023 Hora·

213 1060 285 1136 tius
311 1081 434 1136 eorum
461 1063 600 1140 decreta
627 1075 661 1141 et
688 1077 863 1166 praecepta
892 1068 1151 1160 obtrectaverit,
1169 1070 1280 1146 idem·

160 1222 163 1226 ·
215 1207 284 1280 que
305 1185 463 1261 versibus
489 1188 563 1262 suis
591 1187 814 1265 illustraverit
824 1192 848 1264 2.
869 1190 1011 1276 Quoties
1038 1192 1128 1281 lere,
1151 1192 1279 1269 omisso

213 1304 311 1377 omui
326 1303 427 1395 ludo,
443 1306 511 1381 hoc
528 1306 595 1382 sibi
608 1309 789 1407 proponit,
804 1319 844 1383 ut
858 1309 1061 1384 hominibus
1074 1333 1190 1386 veram
1202 1312 1279 1387 vitae

211 1428 303 1502 viam
326 1439 514 1521 monstret,
533 1433 633 1507 toties
659 1433 835 1509 aZenone
861 1435 1103 1532 potiusquam
1127 1436 1171 1512 ab
1195 1437 1278 1534 Epi-

212 1572 299 1626 curo
317 1575 395 1649 qnae
418 1553 541 1629 doceat
557 1554 721 1652 exposcit.
750 1553 842 1640 Quid
865 1566 917 1631 est
941 1557 1035 1630 enim
1065 1579 1128 1630 cur
1153 1557 1278 1631 virtute

212 1696 340 1749 aurum
359 1697 434 1750 esse
451 1674 553 1749 vilius
578 1676 761 1772 praedicet,
787 1686 821 1751 et
842 1677 991 1752 miretur
1012 1678 1277 1777 quatuordecim

212 1807 330 1895 patere
349 1797 614 1894 quadringentis
623 1824 633 1889 3
661 1799 796 1889 animo,
822 1800 998 1891 moribus,
1026 1801 1177 1898 fideique
1203 1824 1279 1876 esse

210 1922 371 1996 clausos?
388 1923 478 2009 Quid
497 1935 550 1997 est
565 1946 629 1998 cur
646 1924 801 1999 virorum
819 1925 950 2023 iniquis
968 1926 1137 2000 institutis
1153 1949 1278 2023 puero·

211 2065 292 2115 rum
310 2043 478 2134 naeniam,
496 2043 654 2118 maribus
667 2043 821 2119 Camillis
835 2046 918 2118 olim
934 2045 1173 2134 decantatam,
1192 2067 1278 2144 prae·
1312 2059 1316 2070 ·

210 2165 314 2255 lerat,
332 2188 411 2261 quae
434 2188 583 2262 regnum
602 2177 695 2241 recte
717 2166 924 2242 facientibus
948 2167 1153 2266 pollicetur;
1172 2190 1277 2264 gene-

175 2273 182 2280 ’
209 2312 358 2388 roseque
377 2313 418 2392 ac
438 2291 573 2366 fortiter
596 2290 801 2388 pronuntiet
818 2292 913 2368 hunc
934 2279 1079 2370 murum
1102 2294 1274 2371 aheneum

210 2433 285 2486 esse
302 2401 445 2501 debere,

315 2589 359 2650 Nil
371 2588 498 2647 conscire
512 2587 579 2661 sibi,
599 2589 674 2647 nulla
689 2588 844 2662 pallescere
858 2588 977 2663 culpa3?

257 2747 323 2822 Hic
355 2740 477 2822 audire
511 2769 588 2822 vere
621 2746 684 2821 tibi
718 2746 865 2835 videaris
900 2747 1050 2823 stoicum
1085 2749 1273 2846 quemdam

209 2881 336 2949 cuneta
365 2872 512 2948 honesto
538 2871 822 2972 posthabentem,
849 2884 884 2949 et
912 2871 1021 2948 animi
1049 2872 1140 2948 bona
1163 2873 1273 2972 pluris

208 3020 315 3096 quam
333 3005 491 3087 externas
509 3019 592 3096 opes
607 2995 809 3071 facientem·

254 3123 385 3198 Dixerit
410 3123 555 3198 sortasse
582 3123 757 3220 quispiam
784 3121 1173 3218 ea,·quemadmodum
1200 3125 1275 3224 epi·

208 3267 311 3320 aurea
339 3265 409 3318 non
438 3254 538 3333 sunt,
570 3242 619 3318 sic
648 3242 724 3317 freri
750 3264 851 3341 posse
879 3253 1016 3317 utnon
1045 3243 1117 3317 sint
1144 3245 1272 3320 stoica:

206 3367 336 3465 quippe
353 3366 492 3453 nullum
510 3365 582 3439 lere
607 3387 681 3439 esse
706 3364 957 3464 philosophum
982 3388 1000 3440 e
1024 3377 1095 3441 tota
1120 3367 1271 3443 Socratis

207 3491 328 3582 domo,
344 3490 405 3588 qui
420 3513 460 3566 ea
475 3488 623 3564 dicendo
641 3489 832 3587 exprimere
847 3513 918 3575 non
933 3491 1113 3589 potuisset.
1136 3490 1179 3565 At
1193 3514 1271 3588 quae

205 3614 260 3688 bis
278 3613 411 3688 addidit
428 3613 591 3687 Horatius
619 3612 663 3687 ad
689 3611 878 3686 sententias
904 3624 939 3686 et
956 3613 1059 3687 verba
1078 3613 1269 3688 stoicorum

205 3736 350 3834 propius
377 3735 568 3825 accedunt,
595 3735 655 3834 qui
680 3735 840 3810 libertate
864 3746 898 3810 et
923 3759 962 3810 ea
992 3735 1101 3810 animi
1126 3748 1271 3812 conten-

204 3856 314 3945 tione,
345 3878 451 3953 quam
478 3855 547 3930 sive
576 3857 698 3945 adcor,
729 3859 798 3930 sive
816 3865 1005 3937 ἐπίστασιν
1023 3858 1270 3949 nominabant,

241 4086 340 4159 ¹Hor.,
355 4086 373 4144 l.
388 4087 426 4160 ll,
441 4085 497 4144 Od.
512 4090 559 4156 tl,
573 4100 599 4144 v.
613 4090 656 4146 2⁴.

241 4183 301 4246 2Μ.
315 4185 408 4258 Patin,
421 4185 492 4244 trad.
507 4183 656 4258 d’ltorace,
668 4183 794 4258 pretate,
806 4197 834 4257 p.
848 4184 957 4248 txxxt.

189 4265 193 4286 '
241 4278 331 4339 ³ttor.
345 4262 399 4355 Ἑρ.
413 4271 508 4352 t.t',t,
523 4297 550 4341 v.
565 4285 608 4342 60.
