2970 5190
748 462 773 533 8

121 661 124 665 ·
227 609 316 699 bus,
332 594 378 684 de
389 606 552 707 pulchris
568 608 699 682 tabulis
716 621 751 682 et
768 608 878 703 signis
893 622 965 682 tam
979 609 1089 684 multa
1102 613 1319 714 loquentes,

179 790 185 798 .
229 754 474 831 necunquam
493 729 580 827 qnid
598 731 645 803 sit
662 729 856 827 pulchrum
881 732 1119 827 exquirentes,
1134 742 1317 819 omnihus

227 854 301 928 1111
317 855 431 951 poetis
448 852 576 926 indicit
592 851 748 941 bellum,
763 854 894 950 quippe
911 853 972 949 qui
990 853 1033 926 ad
1048 855 1201 951 pulchra
1227 887 1315 939 car.

224 978 325 1053 mina
343 975 530 1052 condenda
549 977 662 1070 magis
679 998 788 1071 quam
805 975 849 1048 ad
867 975 1083 1051 reddendam
1100 985 1315 1065 carminum

226 1099 388 1196 ipsorum
413 1095 691 1193 pulchritudinis
717 1097 890 1171 rationem
917 1096 1032 1171 idonei
1059 1122 1204 1199 semper
1231 1108 1314 1184 lue·

224 1223 310 1296 rint.
325 1221 429 1294 llnlti
441 1242 567 1293 eorum
582 1231 667 1293 sunt
680 1220 760 1315 qui,
774 1219 818 1295 de
831 1220 982 1318 pulchro
995 1222 1220 1322 interrogati,
1236 1257 1313 1309 non

226 1341 384 1414 11111111
411 1339 614 1413 discernere
642 1339 836 1435 pulchrum
865 1340 1042 1435 quoddam
1075 1343 1264 1440 singulare
1292 1379 1313 1430 a

227 1460 380 1559 pulchro
397 1459 436 1532 in
456 1458 663 1533 uniuersum
683 1470 846 1555 sumpto,
860 1474 910 1546 et,
933 1460 1025 1534 siout
1046 1460 1217 1562 Hippias,
1239 1473 1315 1548 lor.

228 1595 321 1657 tasse
334 1580 607 1680 responderent,
626 1579 819 1677 pulchrum
836 1580 923 1655 illud
947 1581 992 1656 de
1008 1605 1079 1680 qno
1095 1584 1313 1691 philosophi

226 1709 425 1805 disputant,
445 1705 633 1803 pulchram
650 1726 727 1778 esse
744 1703 917 1801 puellam,
931 1706 1069 1805 aliaque
1089 1731 1160 1784 non
1179 1717 1312 1794 miuus

225 1831 360 1906 insulsa
376 1829 566 1904 effutirent.

274 1953 398 2027 Poesis
412 1962 447 2026 et
462 1950 702 2047 philosophia,
715 1948 855 2022 duobus
869 1948 1012 2023 dirersis
1026 1950 1199 2040 ducihuS,
1218 1957 1317 2036 hinc-

227 2100 354 2163 sensu,
381 2076 481 2149 illinc
505 2075 660 2162 ratione,
684 2075 965 2172 progredientes,
991 2088 1095 2172 atque
1120 2079 1156 2151 in
1181 2097 1310 2179 partes

227 2196 422 2270 contrarias
437 2194 638 2284 tondentes,
652 2217 692 2267 ea
707 2217 787 2291 quae
800 2194 844 2267 ad
857 2194 1063 2291 religionem
1076 2199 1167 2271 etad
1181 2225 1310 2282 mores

226 2319 573 2418 spectant-contrario
583 2318 737 2416 quodam
749 2318 854 2392 modo
864 2340 1067 2416 concepere.
1082 2319 1192 2416 lgitur
1201 2328 1310 2423 prior

226 2441 312 2515 deos
334 2439 400 2513 sibi
424 2439 524 2512 finxit
549 2460 620 2511 non
648 2437 803 2513 multum
828 2438 984 2534 dispares
1006 2440 1213 2517 hominihus
1238 2450 1309 2544 qui

227 2573 308 2638 ante
325 2562 449 2636 oculos
466 2562 716 2650 obversantur,
734 2561 826 2635 vitiis
845 2582 915 2633 non
934 2584 1035 2636 secus
1053 2586 1094 2637 ac
1109 2565 1307 2647 virtutibus

227 2685 447 2761 abundantes
465 2695 500 2758 et
517 2685 683 2758 omnibus
702 2685 924 2782 indulgentes
940 2684 1197 2782 i⁷oluptatihus;
1216 2715 1308 2790 pos.

226 2807 334 2881 terior
359 2828 439 2881 vero
464 2806 573 2881 deum
595 2805 719 2882 habuit
736 2805 955 2879 intellectum
972 2805 1074 2881 illum
1090 2807 1307 2909 incorpora.

226 2930 319 3019 lem,
349 2928 579 3025 semetipsum
611 2927 884 3024 intelligentem,
915 2939 977 3002 aut
999 2951 1181 3004 summum
1208 2934 1305 3014 illud

225 3052 387 3140 Bonum,
411 3073 482 3148 quo
509 3050 575 3124 1111
603 3051 693 3125 bona
719 3063 858 3126 suntet
883 3053 976 3149 quod
1006 3076 1110 3127 nemo
1136 3079 1302 3154 unquam

225 3176 326 3264 vidit,
345 3174 413 3247 nisi
435 3174 541 3246 homo
562 3175 733 3248 introrsus
754 3175 928 3262 oculatus,
948 3187 988 3249 ut
1010 3187 1129 3252 noster
1152 3179 1200 3252 111
1223 3182 1303 3258 Au-

225 3299 405 3397 gustinus,
421 3308 456 3370 et
468 3295 694 3370 invisibiliter
708 3297 837 3371 uidens.

274 3420 365 3496 Cum
383 3430 521 3494 tantum
538 3421 601 3493 has
619 3420 711 3493 inter
726 3418 928 3519 disciplinas
949 3421 1207 3515 disconveniat,
1222 3429 1298 3502 mi-

226 3544 295 3619 rari
314 3543 516 3618 desinamus
532 3565 596 3616 cur
608 3553 713 3616 tantae
731 3542 821 3617 inter
840 3543 1001 3618 homines
1019 3544 1079 3641 qui
1097 3568 1155 3619 eas
1171 3549 1296 3625 colue-

224 3663 309 3739 runt
333 3664 525 3738 exarserint
546 3661 753 3735 simultates.
779 3661 858 3735 Non
881 3662 1060 3751 homines,
1087 3666 1147 3738 sed
1173 3690 1296 3744 rerum

225 3797 350 3861 natura
367 3786 402 3860 in
419 3785 522 3883 culpa
541 3794 604 3858 111.
629 3783 867 3880 Colophonius
890 3784 1123 3883 Xenophanes
1137 3788 1211 3884 jam
1224 3791 1298 3866 Ho-

225 3932 363 3983 merum
391 3906 669 4006 reprehendebat
698 3906 792 4001 quod
817 3906 882 3979 diis
912 3908 1086 3982 humanos
1116 3911 1297 3989 tribuisset

226 4054 367 4118 sensus,
381 4029 587 4126 egregieque
602 4029 740 4103 dicebat
754 4030 858 4104 boves
871 4041 932 4105 111
945 4030 1082 4119 leones,
1101 4033 1246 4131 pingere
1265 4040 1296 4113 si

226 4148 412 4238 callerent,
430 4149 495 4223 diis
514 4172 644 4223 cornua
664 4161 725 4223 111
738 4149 842 4247 jubas
859 4173 935 4225 esse
953 4150 1105 4225 daturos.
1130 4153 1208 4229 Non
1226 4156 1294 4231 mi-
