2970 5190
628 567 670 641 71

119 712 183 786 1011
197 711 308 810 poetis
326 711 435 784 stoica
452 709 654 808 disciplina,
673 723 845 808 quantum
858 711 976 786 stoicae
994 712 1187 811 disciplinae

119 842 231 931 poetae
250 831 447 906 defuerunt.
473 831 514 905 10
540 853 595 906 res
622 831 717 905 enim
743 854 763 906 a
793 832 975 905 communi
999 833 1185 907 hominum

120 966 224 1054 captu
240 940 446 1029 remotiores
464 954 569 1053 nimis
600 955 745 1030 sortasse
767 952 1022 1045 incubuerunt,
1045 980 1111 1031 000
1129 979 1187 1031 000

118 1079 296 1178 praeclaris
313 1078 574 1153 illustraverunt
597 1079 782 1176 exemplis,
801 1079 855 1153 110Ι
870 1088 909 1154 01
926 1101 1049 1154 eorum
1067 1103 1187 1155 versus

119 1204 237 1279 minus
260 1203 433 1277 moverint
451 1201 587 1277 animos
604 1225 711 1299 quam
729 1202 906 1278 Ciceronis
929 1204 1042 1279 soluta
1060 1207 1188 1298 oratio,

120 1325 162 1399 de
184 1347 253 1421 qua
268 1324 452 1412 Erasmus,
471 1322 581 1398 stoico
600 1322 660 1396 1110
677 1323 728 1397 De
747 1323 884 1420 Officiis
901 1323 989 1399 libro
1016 1325 1187 1423 perlecto,

120 1445 256 1540 egregie
275 1442 376 1517 dixit:
399 1442 485 1517 «Sic
509 1453 698 1517 melotam
725 1443 955 1518 inflammavit
982 1444 1025 1518 ad
1048 1446 1186 1520 honesti

118 1565 326 1663 virtutisque
343 1564 518 1656 studium,
537 1577 575 1639 01
595 1566 808 1663 jampridem
826 1565 876 1639 nil
905 1565 972 1641 tale'
997 1569 1188 1661 senserim,

120 1698 292 1764 nostrates
311 1687 482 1784 quosdam
512 1687 706 1762 neotericos
737 1688 855 1784 legens
883 1689 963 1785 qui,
987 1689 1186 1781 christiani,

121 1815 319 1891 christianae
337 1813 568 1912 philosophiae
582 1812 744 1911 mysteria
764 1814 1015 1909 profitentur.»

169 1938 209 2013 10
233 1946 415 2035 poetarum
443 1958 674 2010 romanorum
699 1935 915 2009 carminibus
942 1937 1113 2033 plurimos
1137 1947 1190 2011 ta·

121 2082 203 2134 men
222 2059 317 2133 10000
344 2057 496 2154 reperias
525 2057 671 2132 stoicam
696 2055 918 2156 disciplinam
938 2059 1084 2156 ejusque
1102 2081 1190 2157 prae-

122 2194 221 2283 cepta
234 2182 447 2271 redolentes
462 2181 522 2278 qui
538 2179 711 2278 legentem
726 2203 937 2279 magnopere
953 2181 1188 2257 delectabunt.

122 2307 252 2394 Quoia
272 2326 419 2378 numero
438 2303 643 2401 ponendum
661 2313 730 2392 est,
749 2303 786 2377 ni
812 2298 935 2394 lallor,
956 2303 1128 2401 quidquid
1146 2305 1189 2379 de

121 2426 224 2500 variis
243 2422 429 2499 hominum
452 2423 574 2498 clfioiis
593 2422 811 2499 subobscure
837 2424 998 2522 quidem,
1017 2425 1079 2499 scd
1104 2447 1189 2500 con-

123 2547 193 2621 0100
211 2568 251 2620 ac
269 2567 388 2643 presse
403 2543 546 2619 Persius
568 2543 717 2642 scripsit.
737 2543 894 2618 Eximius
912 2544 970 2618 hic
995 2554 1096 2641 poeta
1119 2567 1190 2619 non
1255 2615 1258 2624 .

121 2666 258 2740 minuta
293 2673 431 2739 tantum
461 2674 495 2739 01
526 2663 626 2759 quasi
658 2662 826 2739 dissoluta
857 2675 1032 2762 praecepta
1063 2662 1190 2752 edidit,

122 2785 220 2861 nullo
235 2784 374 2859 vinculo
392 2783 484 2859 inter
509 2806 546 2858 00
572 2784 759 2883 conjuncta
783 2795 817 2858 et
833 2783 922 2858 nulli
946 2772 1189 2859 1001010001]-

85 2985 91 2994 ,
118 2913 227 3010 jecta3
245 2909 364 2984 omnia
382 2918 500 2983 autem
516 2931 594 3005 quae
608 2910 774 3006 praecepit
786 2909 936 2982 tendunt
948 2910 991 2998 ad
1007 2933 1082 2985 rem
1097 2934 1190 2986 eam·
1304 3008 1306 3013 Ι

124 3035 221 3125 dem,
237 3034 279 3108 de
297 3055 366 3130 qua
389 3052 472 3106 suos
491 3055 673 3129 nunquam
699 3031 818 3129 dejicit
840 3031 972 3137 oculos.
997 3033 1119 3131 ltaque
1132 3035 1192 3134 ju-

123 3179 247 3231 venem
271 3155 331 3253 qui
354 3164 483 3228 temere
511 3163 545 3228 et
571 3154 647 3227 0100
675 3153 853 3252 proposito
878 3164 1013 3230 aetatem
1042 3157 1132 3254 agit,
1158 3167 1192 3234 et

124 3279 225 3376 cujus
242 3277 309 3350 vita
324 3285 395 3350 toto
411 3274 536 3350 ordine
553 3275 786 3366 disconvenit,
805 3277 874 3350 hoe
892 3277 1001 3352 modo.
1012 3279 1189 3378 increpat:

230 3503 279 3561 Est
291 3499 395 3571 aliquid
410 3512 464 3571 quo
480 3499 571 3557 tendis
586 3499 651 3557 0110
667 3500 740 3572 quod
754 3499 850 3572 dirigis
863 3515 971 3573 arcum,

230 3599 269 3654 An
285 3599 387 3667 passim
401 3595 526 3667 sequeris
539 3609 639 3652 corvos
654 3600 780 3667 testaque
797 3595 924 3668 lutoque,

230 3693 352 3748 Securus
365 3701 419 3761 quo
432 3702 482 3760 pes
494 3687 579 3759 ierat,
594 3691 677 3759 atque
692 3702 726 3746 ex
738 3693 861 3760 tempore
873 3688 943 3745 vivis
952 3687 979 3745 ¹?

173 3885 256 3960 Haec
272 3861 448 3981 simplicia
463 3893 497 3959 et
519 3883 683 3960 familiari
710 3883 866 3959 sermoni
891 3884 1068 3982 proxima3
1087 3885 1124 3961 in
1149 3885 1191 3961 iis

126 4017 243 4083 autem
261 4029 340 4105 quae
357 4016 554 4105 sequuntur
570 4018 670 4105 poeta
689 4006 780 4082 tollit
796 4028 936 4083 vocem:
1030 4065 1032 4070 .

168 4305 174 4344 ¹
190 4307 264 4363 Pers.
279 4309 342 4364 Sat.
359 4304 403 4378 lll,
417 4320 442 4363 1.
457 4309 499 4364 60.
