2970 5190
699 496 770 568 lbb

202 642 352 718 belluina
371 653 467 738 parte
484 643 592 714 nostri
612 651 766 714 nostram
790 660 930 712 omnem
951 638 1052 711 sitam
1077 661 1154 712 esse
1172 662 1267 737 prae-

202 761 376 835 stantiam.
388 760 489 857 Apud
504 762 598 835 hunc
612 770 791 834 auctorem
804 759 928 831 trustra
941 757 1144 853 quaerasilla
1160 757 1268 830 ratio·

203 883 259 957 nis
281 893 316 957 et
329 882 503 980 appetitus
522 881 729 971 certamina,
753 880 900 977 quibus,
926 879 963 952 in
981 878 1132 954 Cornelii
1156 881 1271 953 nostri

203 1001 331 1076 tabulis
355 1001 487 1076 mirum
509 1003 547 1076 in
571 1001 719 1076 modona
736 1000 947 1089 detinemur,
968 1010 1003 1073 et
1023 999 1271 1097 spectaculum

203 1125 312 1217 illud,
341 1127 434 1223 qnod
452 1127 524 1200 Deo
551 1127 798 1223 dignissimum
822 1147 896 1199 esse
919 1123 1015 1201 stoici
1040 1124 1271 1212 dictitabant,

202 1245 315 1320 vicum
339 1245 474 1320 scilicet
496 1257 759 1343 responsantem
783 1243 1010 1342 cupidinibus
1034 1255 1069 1318 et
1093 1267 1177 1320 cum
1199 1246 1274 1321 for·

204 1381 286 1443 tuna
307 1368 571 1444 colluctantem.

251 1489 346 1564 Num
372 1489 521 1565 stoicum
551 1486 684 1585 aliquid
713 1489 872 1563 Medeam
898 1489 999 1564 istam
1018 1487 1055 1562 in
1079 1510 1115 1563 se
1139 1487 1274 1563 habere

204 1615 413 1705 contendeS,
434 1616 463 1688 si
481 1615 586 1690 modo
609 1615 685 1713 ejus
703 1637 827 1689 sensus
844 1608 879 1688 ‘et
897 1616 984 1689 lacta
1003 1613 1274 1713 ponderamus,

203 1763 291 1837 quac,
311 1739 419 1814 animi
444 1740 640 1839 impotem,
663 1739 780 1814 onmia
806 1740 960 1814 humana
985 1739 1171 1835 divinaque
1192 1739 1275 1836 jura

202 1862 410 1961 permiscet,
429 1871 479 1950 et,
498 1874 537 1936 nt
555 1884 675 1961 poenas
693 1886 712 1936 a
732 1861 879 1959 conjuge
895 1872 1043 1960 repetat,
1061 1883 1145 1936 suos
1162 1861 1276 1937 truci-

202 1987 262 2061 dat
282 1986 411 2060 natos‘l
437 1985 527 2070 Quid
546 1987 656 2083 magis
676 1985 794 2061 stoicis
817 1985 872 2059 his
898 1986 1008 2061 estatis
1034 1986 1276 2078 contrarium,

202 2128 277 2181 esse
296 2103 489 2181 ulciscendi
512 2116 547 2179 et
569 2105 739 2204 puniendi
757 2105 924 2195 modum,
951 2117 985 2180 et
1007 2104 1095 2179 nihil
1111 2105 1276 2180 laudabi-

202 2224 270 2299 lius
296 2249 371 2301 esse
388 2224 622 2323 placabilitate
639 2237 674 2300 et
696 2225 925 2300 clemential¹
945 2226 987 2299 ln
1008 2214 1127 2301 Medea
1143 2248 1276 2322 magna

202 2347 343 2445 quidem
359 2360 411 2424 est
428 2349 491 2438 vis,
508 2348 567 2422 sed
579 2370 618 2422 ea
636 2348 685 2422 vis
703 2349 852 2440 scilicet,
873 2371 979 2446 quam
987 2349 1137 2424 Flaccus
1155 2347 1294 2423 oonsi-'

203 2469 239 2543 lii
258 2485 434 2570 expertem
452 2482 565 2560 vocat,
585 2483 618 2546 et
633 2495 710 2568 quae
724 2472 774 2547 vis
790 2473 898 2547 stoica
916 2496 1138 2571 nequaquam
1157 2473 1276 2547 nomi-

203 2590 318 2665 nanda
332 2604 393 2666 est.
410 2592 515 2666 Stoici
536 2592 650 2683 enim,
665 2615 735 2667 non
752 2591 787 2666 in
803 2592 979 2690 cupidinis
992 2592 1143 2692 impetu,
1158 2592 1222 2666 sed
1236 2591 1273 2666 in

124 2782 125 2787 ,
202 2712 391 2787 voluntatis
405 2713 599 2788 constantia
617 2713 686 2787 vim
705 2713 813 2787 animi
828 2724 982 2810 ponunt,
1000 2723 1051 2804 et,
1065 2715 1158 2788 hanc
1177 2713 1276 2788 lorti-

202 2834 486 2926 tudinem,illam
501 2836 683 2910 audaciam
704 2846 738 2910 et
758 2836 1014 2911 immanitatem
1026 2835 1144 2934 potius
1156 2836 1276 2934 appel·

203 2959 294 3048 lant,
321 2961 422 3059 cujus
451 2960 638 3036 nobiscnm
666 2961 792 3035 belluae
819 2983 959 3058 quoque
985 2959 1170 3060 participes
1196 2982 1277 3036 csse

203 3081 323 3156 solent.
344 3083 419 3167 Quo
435 3084 577 3158 nomine
595 3082 680 3180 quid
699 3084 771 3159 sero
786 3083 915 3159 Medeae
929 3083 1274 3159 suroriconvenien·

204 3202 292 3294 tim,
311 3202 353 3278 de
367 3226 436 3300 qua
455 3213 555 3301 poeta
574 3202 672 3301 ipse:

416 3404 545 3471 Quanam
558 3403 671 3459 cruenta
686 3405 799 3459 Manca

415 3499 540 3568 Praeceps
554 3511 644 3554 amore
660 3511 732 3554 saevo

414 3591 560 3663 Rapitur?
576 3590 649 3661 quod
663 3592 813 3662 impotente·

341 3674 343 3679 ’
414 3691 531 3748 Facinus
544 3695 622 3761 parat
627 3690 741 3760 furore
752 3687 785 3744 ’ἲ

415 3888 474 3943 Huc
486 3885 541 3944 fort
552 3885 637 3957 pedes
651 3890 679 3942 et
691 3883 768 3942 illuc.

241 4138 320 4196 lCic.
339 4144 379 4194 Dc
393 4139 461 4210 Off,
475 4139 493 4195 l.
508 4142 533 4210 Ι,
549 4157 572 4197 c.
593 4146 635 4210 tt,
650 4144 692 4199 at.

240 4232 325 4289 2Seu.
342 4233 426 4301 Med,
442 4250 465 4290 v.
483 4238 544 4290 att.
