2970 5190
707 438 754 510 ll

200 584 371 673 «lentiam,
390 594 464 657 tum
490 584 532 657 ad
551 584 732 657 lieminem
759 584 905 681 ejusque
931 584 1045 660 efficia
1071 587 1270 681 pertinent,

200 718 235 781 ct
251 730 328 804 quae
347 717 553 806 praesentem
574 707 667 780 hanc
695 707 817 795 sitam,
845 706 1021 804 vitamque
1047 706 1148 782 illam
1171 709 1268 784 sutu-

202 854 276 906 ram
301 831 607 929 complectuntur?
631 830 750 906 Rebus
772 841 845 904 tam
872 829 990 925 magni
1017 831 1210 920 momenti,
1233 832 1269 906 in

201 952 330 1049 quibus
353 963 471 1025 nostra
499 974 574 1026 sers
601 952 715 1025 omnis
737 950 898 1040 vertitur,
927 949 1035 1024 semel
1061 950 1270 1047 prepositis,

204 1075 299 1149 nulla
316 1086 451 1149 terrena
471 1085 505 1149 et
523 1075 653 1152 caduca
669 1098 724 1150 res
738 1086 790 1149 cst
806 1096 885 1171 quae
901 1073 1003 1147 nobis
1021 1094 1092 1146 non
1109 1073 1272 1151 videatur

205 1196 349 1271 omnine
367 1195 510 1293 puerilis
527 1208 561 1271 et
578 1195 765 1270 irridenda.
783 1195 915 1270 Rerum
935 1177 1153 1268 sublimitate
1169 1194 1272 1284 elati,

205 1314 249 1391 acl
267 1314 455 1412 qnamdam
476 1315 642 1412 loquendi
661 1315 874 1391 divinitatem
897 1315 1095 1427 evehimur,
1114 1326 1150 1388 et
1168 1315 1273 1390 nebi-

204 1442 253 1516 lcs
267 1443 472 1532 sentcntiae,
487 1443 679 1531 nobilibus,
696 1454 736 1516 ut
750 1443 866 1531 decet,
882 1440 1094 1539 imaginibus
1107 1452 1273 1528 ornatas,

204 1562 458 1663 profundimus.
478 1563 545 1649 Qui
564 1563 792 1661 philosophus
811 1563 915 1637 mede
937 1563 1064 1651 suerat,
1082 1561 1112 1634 is
1129 1561 1275 1658 impru-

203 1686 289 1761 ‹lens
307 1695 423 1761 orator
440 1699 501 1761 aut
518 1696 616 1785 pecta
635 1685 756 1760 evadit.

250 1808 391 1897 Quoties
413 1808 524 1896 enim,
548 1831 630 1882 cum
650 1808 741 1906 apud
760 1816 910 1897 veteres,
935 1816 1010 1879 tum
1029 1803 1124 1904 apud
1144 1827 1275 1880 recen·

204 1938 270 2017 aas,
289 1927 499 2026 scriptorum
515 1927 588 2001 sine
604 1928 837 2002 controversia
852 1927 1087 2000 maximorum
1099 1925 1275 2021 eloquen-

204 2052 276 2141 tiae,
301 2062 340 2125 ut
366 2051 527 2126 materies
553 2052 734 2149 qumdam,
760 2074 867 2149 quam
898 2060 1061 2125 tractaret
1086 2060 1120 2123 et
1145 2050 1273 2147 inqua

203 2181 413 2261 versaretur,
432 2170 586 2269 subjecta
616 2172 681 2245 luit
708 2171 947 2270 philosophia!
971 2170 1168 2244 Memorare
1185 2170 1274 2243 satis

203 2294 267 2383 sit,
286 2293 378 2393 aptul
401 2294 558 2381 Graecos,
583 2294 766 2368 Platonem
791 2293 893 2368 illum
916 2294 1018 2391 cujus
1037 2302 1130 2366 tanta
1149 2292 1218 2366 suit
1237 2294 1273 2367 in

204 2410 352 2486 ‹licemle
367 2412 483 2511 cepia,
496 2412 643 2508 gravitas
656 2422 690 2485 et
703 2412 914 2509 amplitude,
927 2423 967 2486 ut
981 2432 1051 2484 nen
1065 2411 1184 2508 inepte
1197 2409 1274 2486 dic-

204 2544 278 2609 tum
298 2532 400 2610 l'ucrit
413 2534 550 2624 lovem,
569 2534 597 2607 si
615 2557 726 2630 graece
742 2534 924 2608 locuturus
939 2543 1046 2623 esset,
1065 2533 1111 2607 ita
1130 2532 1273 2608 leoutu·

202 2680 297 2749 rum;
314 2669 429 2756 atquc,
443 2658 535 2757 apud
549 2659 739 2747 Romanos,
753 2658 911 2731 Marcum
925 2657 1097 2747 Tullium,
1111 2658 1185 2754 qui,
1199 2680 1274 2733 nen

203 2793 337 2857 tantum
352 2784 487 2860 senense
503 2783 657 2871 dicendi,
674 2783 733 2857 sed
747 2783 853 2856 etiam
867 2781 1055 2856 umbratile
1066 2780 1272 2880 disputandi

202 2928 312 3001 genus
330 2917 470 2982 secutus
486 2917 557 2996 ost,
576 2918 610 2980 et
628 2907 670 2981 de
696 2906 820 2981 ciliciis
835 2917 896 2981 aut
913 2906 956 2980 de
975 2916 1098 2980 natura
1121 2906 1274 2981 deorum

202 3051 242 3104 ea
260 3029 399 3128 scripsit
417 3030 545 3127 quibus
563 3031 703 3130 optimae
723 3031 832 3129 ipsius
850 3030 1026 3104 orationes
1044 3053 1273 3128 nequaquam

204 3150 275 3224 sint
300 3153 560 3250 anteponendo.
595 3152 681 3226 Mihi
710 3164 828 3227 autem
856 3152 1103 3227 celeberrimos
1130 3166 1273 3229 nostres

204 3273 390 3373 scriptores
420 3275 588 3350 memoria
621 3276 793 3373 repetenti
823 3275 910 3349 nulli
941 3297 1049 3373 prope
1077 3289 1274 3351 occurrunt

205 3393 368 3470 clariores
384 3417 488 3492 quam
511 3395 570 3492 qui
591 3396 633 3471 de
656 3396 842 3470 hominum
859 3395 943 3483 vita,
969 3395 1210 3486 demonibus,
1229 3398 1273 3473 de

205 3518 291 3609 Deo,
310 3518 352 3593 clo
370 3519 535 3594 omuibus
556 3521 695 3594 taudem
714 3543 792 3617 qum
810 3519 965 3594 continet
988 3530 1023 3593 et
1047 3519 1275 3617 amplectitur

205 3641 442 3741 philosophia,
457 3642 708 3717 disseruerunt.
727 3641 811 3727 Quis
825 3642 1005 3715 sententiis
1020 3641 1174 3715 crebrior
1187 3642 1275 3718 ima-

204 3764 413 3860 ginibusque
436 3764 605 3840 illustrior
632 3788 738 3863 quam
764 3765 949 3838 Montanus
967 3775 1002 3837 et
1023 3764 1224 3854 Pascalius,
1244 3767 1275 3841 si

206 3889 293 3962 lertc
309 3909 451 3962 necesse
469 3888 513 3962 sit
527 3898 664 3962 meotes
683 3888 831 3962 excitare
849 3898 883 3960 et
902 3886 936 3959 in
954 3885 1081 3959 animis
1099 3887 1276 3982 quosdam

208 4009 403 4107 relinquere
422 4011 586 4086 aculees‘l
604 4011 688 4096 Quis
708 4011 920 4086 Fenelenem
940 4009 1109 4083 suavitate
1126 4033 1182 4098 ea,
1202 4033 1274 4107 qua

208 4133 344 4206 animes
363 4134 539 4232 perfundit
554 4134 762 4231 legentium,
778 4134 831 4208 vcl
846 4133 1070 4209 Bessuetium
1082 4132 1194 4209 vivide
1207 4134 1275 4210 im-
