2970 5190
623 497 693 570 l09

175 638 242 714 llic
259 639 461 736 agnoscitur
485 649 581 713 vetus
600 639 687 714 illud
710 652 744 714 et
771 640 978 737 praeclarum
1002 639 1192 715 stoicorum

126 758 324 848 decretum,
355 759 509 834 hominis
540 760 647 834 vitam
676 781 764 858 opus
792 760 875 834 artis
901 758 1192 850 existimantium,

125 885 220 982 quod
239 885 282 959 ad
297 883 466 984 optimam
482 885 619 982 generis
635 886 784 960 sormam
802 885 846 960 sit
860 883 1094 960 referendum.

173 1009 264 1086 Tum
280 1011 423 1086 Persius
441 1012 581 1110 exponit
598 1021 731 1108 quanta
754 1009 907 1086 amioitia
932 1034 1015 1085 oum
1040 1008 1193 1085 Cornuto

82 1173 84 1177 ·
123 1130 230 1206 fuerit
256 1131 457 1223 devinctus,
476 1141 512 1206 et
537 1154 642 1229 quam
668 1131 856 1229 conjuncte
878 1131 969 1205 inter
990 1152 1026 1205 se
1044 1130 1194 1227 egerint,

124 1253 217 1329 sieut
228 1254 389 1330 homines
405 1255 521 1346 der-et,
540 1278 617 1330 mea
632 1255 775 1352 quidem
789 1254 976 1346 sententia,
992 1255 1035 1329 de
1053 1253 1194 1345 officiis,

125 1373 168 1448 de
186 1373 271 1464 vita,
290 1374 333 1449 de
345 1375 416 1450 Deo
434 1374 587 1484 colloqui
602 1386 707 1472 atque
722 1374 777 1449 his
792 1375 1013 1450 sermonibus
1026 1374 1193 1450 innutriri

125 1501 263 1591 solitm,
282 1501 328 1576 ita
353 1512 392 1576 ut
416 1523 539 1576 eorum
562 1501 672 1576 animi
691 1501 781 1576 miro
800 1502 954 1599 quodam
979 1502 1083 1576 modo
1109 1523 1194 1576 oon-

124 1623 278 1699 sentiant
295 1633 329 1698 et
346 1622 444 1719 quasi
469 1623 676 1698 coalescant.
702 1621 802 1707 Quod
828 1621 1137 1696 animadvertimus
1155 1622 1191 1696 in

122 1747 299 1822 Phaedone
313 1747 488 1839 Platonis,
507 1747 569 1823 ubi
584 1747 745 1822 Socrates
770 1746 915 1845 ejusque
940 1743 1103 1843 discipuli
1120 1766 1192 1820 uno

123 1866 318 1963 eodemque
335 1866 461 1966 spiritu
476 1867 609 1942 moveri
627 1867 800 1941 videntur.

171 1986 229 2062 Sic
247 1986 405 2062 eruditus
424 1997 459 2061 et
474 1986 657 2061 institutus
672 1985 814 2060 Persius
830 2006 901 2059 non
920 1983 1041 2082 paucis
1059 1984 1193 2060 emine-

122 2110 183 2185 bat
199 2110 331 2209 ingenii
349 2110 507 2201 dotibus,
535 2134 613 2208 quae
639 2109 801 2209 scriptori
828 2109 871 2183 de
897 2108 1055 2184 moribus
1080 2108 1192 2185 disse·

122 2232 213 2307 renti
226 2233 376 2330 ideoque
394 2243 504 2330 poetae
519 2231 659 2307 satirico
674 2230 902 2321 conveniunt,
921 2239 955 2304 et
973 2229 1048 2305 sine
1064 2229 1192 2326 quibus

123 2353 241 2430 nullus
260 2365 399 2445 auctor,
418 2354 479 2452 qui
501 2353 537 2428 in
566 2353 622 2426 his
649 2366 807 2429 versatur
831 2351 1067 2450 argumentis,
1087 2351 1191 2428 rebus

123 2503 209 2576 quas
225 2490 351 2554 tractat
367 2502 430 2577 par
448 2502 524 2555 esse
542 2489 667 2577 potest.

170 2603 333 2679 Primum
348 2603 468 2678 oderat
482 2601 625 2701 vulgus,
648 2602 793 2700 ejusque
810 2623 915 2676 vanas
931 2599 1113 2698 opiniones
1128 2623 1191 2678 au·

122 2727 220 2803 ribus
246 2727 451 2826 respuebat,
479 2736 519 2802 ut
544 2750 563 2802 e
590 2725 751 2824 pluribus
779 2734 874 2823 patet
902 2724 977 2822 ejus
1003 2706 1190 2798 satirarum

123 2851 227 2927 locis:

230 3064 512 3081 .......
531 3022 592 3083 Non
607 3021 631 3080 si
646 3019 711 3094 quid
724 3020 833 3078 turbida
846 3020 931 3077 Roma

228 3114 335 3189 navet,
348 3116 480 3175 accedas:
494 3129 641 3174 examenve
654 3114 806 3199 improbum
820 3114 849 3171 iu
862 3114 916 3170 ista

228 3215 354 3286 castiges
365 3214 484 3284 trutina;
498 3228 549 3272 neo
563 3218 589 3271 te
603 3212 764 3284 quaesiveris
777 3216 854 3270 entra
863 3210 880 3266 ¹.

121 3367 157 3431 et
173 3355 275 3432 alibi:

228 3568 651 3592 ..........
671 3528 762 3601 Usque
775 3529 880 3587 adeone

228 3621 305 3688 Scire
320 3633 397 3687 tuum
411 3624 479 3686 nihil
491 3631 548 3699 est,
561 3626 615 3685 nisi
628 3631 655 3684 te
670 3628 741 3685 scire
757 3627 810 3683 hoc
823 3624 895 3683 sciat
906 3625 977 3682 alter
989 3623 1015 3680 ²?

170 3790 249 3870 Non
267 3741 384 3868 solum
403 3792 651 3869 communibus
672 3790 858 3865 hominum
877 3774 1102 3887 opinionibus
1120 3781 1186 3861 dil-

120 3907 197 3993 hdit
218 3918 377 4010 PersiuS,
396 3915 490 4015 quod
509 3940 619 4014 quum
634 3915 799 3992 omnibus
817 3935 925 4012 prope
949 3910 1184 4010 philosophia,

161 4155 254 4217 'Pers
268 4161 341 4230 Sat,
355 4159 379 4231 l,
394 4171 419 4216 v.
433 4161 459 4216 5.

159 4251 275 4329 'Idem
290 4268 315 4313 v.
330 4260 373 4316 tt.
