2970 5190
718 491 768 563 ld

202 645 354 718 buerunt
371 643 526 739 porticus
546 641 693 726 scholae,
710 637 805 734 quod
830 637 948 710 divino
974 640 1036 713 illo
1062 644 1191 721 lurore
1218 651 1288 724 ali-

203 766 344 862 quando
357 765 464 837 afflati
481 764 640 847 luerunt,
660 762 736 833 sine
757 781 826 855 quo
844 759 1069 838 Democritus
1091 780 1128 840 et
1152 769 1283 846 Plato¹

205 885 329 958 nolunt
345 905 560 979 quemquam
581 904 658 954 esse
674 893 806 965 vatem,
825 891 859 950 ct
876 903 947 975 qno
970 883 1058 956 olim
1084 886 1288 968 instinctus

206 1005 390 1080 Cornelius
406 1015 526 1078 noster
542 1006 580 1077 in
597 1025 703 1077 scena
720 1014 794 1075 erat
811 1014 1034 1095 regnaturus.

619 1460 767 1536 CAPUT
792 1461 849 1534 vt.

253 1633 393 1696 Quartus
410 1630 539 1685 Ful-tutu
555 1629 688 1684 STOIOE
704 1629 912 1682 otsutetuxm
930 1631 1164 1688 ansrfflttt
1186 1639 1231 1690 ΕΤ

611 1751 870 1803 Puuuuutruoo

254 1970 369 2042 Stoica
400 1968 604 2064 disciplina,
631 1968 771 2064 qualem
801 1991 879 2042 eam
913 1971 951 2043 in
979 1971 1280 2070 philosophorum

206 2092 346 2189 scriptis
362 2091 561 2164 invenimus
578 2091 804 2189 explicatam,
821 2092 911 2166 nihil
928 2094 999 2168 iere
1020 2095 1208 2192 pulchrius
1227 2102 1279 2174 vi-

207 2213 312 2287 detur
329 2234 370 2285 ac
387 2213 621 2310 praestantius.

218 2384 225 2397 ·
255 2333 363 2408 Stoici
381 2331 599 2406 contendunt
616 2354 670 2405 res
688 2354 829 2420 omnes,
846 2355 925 2428 quae
950 2345 1031 2410 ante
1054 2337 1178 2412 oculos
1196 2365 1277 2416 ver-

207 2468 346 2547 santur,
373 2459 464 2531 inter
493 2481 530 2531 se
561 2459 736 2532 cohaerere
763 2468 797 2530 et
827 2459 1042 2549 coalescere,
1069 2485 1214 2560 unoque
1243 2480 1278 2542 ct

207 2583 332 2658 codem
346 2583 476 2657 moveri
493 2593 527 2656 et
541 2584 613 2677 regi
627 2581 771 2679 spiritu,
785 2581 916 2656 nedum
931 2583 1008 2658 aliae
1019 2585 1064 2659 ab
1075 2585 1152 2660 aliis
1165 2591 1276 2663 exsis-

206 2716 282 2780 tant
299 2706 485 2802 sejuncta,
502 2705 758 2799 animabusque
783 2718 923 2778 careant
931 2733 942 2792 ;
968 2706 1016 2779 ita
1040 2718 1081 2781 ut
1102 2720 1173 2783 tota
1200 2713 1276 2787 haec

207 2852 327 2904 rerum
346 2841 471 2903 natura
498 2828 712 2901 immensum
731 2826 909 2922 quoddam
926 2829 1049 2904 haberi
1068 2847 1173 2928 queat
1198 2837 1278 2909 ani-

208 2953 296 3040 mal,
316 2953 416 3050 cujus
435 2974 563 3049 corpus
581 2950 627 3023 sit
647 2951 820 3039 munduS,
847 2974 948 3025 mens
962 2964 1081 3028 autem
1098 2956 1204 3031 Deus.
1224 2961 1274 3034 Ex

208 3075 273 3148 hac
289 3074 388 3170 quasi
408 3075 566 3147 universa
586 3096 704 3147 rerum
717 3084 835 3147 mente
852 3075 1021 3148 delibatas
1038 3099 1113 3150 esse
1129 3089 1273 3175 putant,

208 3219 280 3270 non
295 3196 409 3270 solum
425 3196 610 3271 hominum
628 3195 897 3292 belluarumque
915 3196 1067 3286 animas,
1086 3200 1145 3272 sed
1165 3201 1273 3276 etiam

207 3321 294 3395 vitas
321 3320 506 3410 arborum,
532 3331 567 3394 et
593 3343 671 3416 quae
696 3321 852 3417 corporis
879 3320 1067 3416 cujuslibet
1091 3334 1208 3419 partes
1235 3326 1272 3400 in

208 3466 320 3517 unum
339 3441 519 3538 colligunt.
538 3440 596 3516 Sic
613 3442 751 3530 omnia,
765 3443 883 3516 stoicis
899 3443 1120 3532 auctoribuS‚
1138 3445 1182 3520 ab
1202 3470 1273 3520 una

206 3564 396 3660 eademque
414 3562 528 3636 divina
552 3562 780 3658 intelligentia
798 3575 873 3636 orta
899 3574 933 3637 et
951 3564 1120 3659 prolecta,
1139 3567 1272 3642 mirum

120 3667 122 3670 ’
210 3687 245 3759 in
265 3687 411 3761 modum
437 3687 528 3760 inter
555 3709 592 3761 se
617 3686 858 3776 consentiunt,
875 3697 910 3760 et
934 3687 1215 3784 pulcherrimum
1240 3703 1276 3765 et

210 3809 534 3905 praestantissimum
552 3809 710 3883 officiunt
723 3831 821 3904 opus.
836 3808 925 3893 Quid
943 3810 1036 3883 enirn
1051 3814 1273 3906 praestantius

210 3929 315 4002 etad
347 3928 535 4002 movendos
566 3929 750 4002 hominum
783 3926 917 4001 animos
949 3930 1059 4024 magis
1087 3930 1273 4021 idoneum,

246 4189 254 4228 ¹
270 4191 327 4247 Cic.
348 4195 388 4248 ve
401 4196 495 4262 Orat,
515 4192 532 4248 l.
547 4194 583 4263 ll,
598 4206 622 4248 c.
636 4195 679 4249 46.
698 4191 790 4246 Horat.
805 4193 857 4262 Ep.
873 4190 917 4246 ad
929 4193 995 4258 Pis„
1009 4204 1033 4244 v.
1047 4194 1110 4248 295.
