2970 5190
616 527 663 598 99

109 678 287 773 lignatum
306 673 479 770 discipulo
496 672 616 745 Barcae
633 671 777 744 exitium
796 670 969 760 attulisse3
993 694 1088 744 nunc
1107 671 1172 744 ho-

105 801 220 872 mines
245 795 418 893 fingendis
445 794 632 867 virtutibus
660 792 827 867 subdolos
845 792 1019 890 depingit,
1044 814 1173 889 eosque

106 922 192 996 dicit
206 918 391 1017 Chrysippi
406 930 440 992 et
454 917 650 1004 Cleanthis,
665 915 826 990 Porticus
842 937 965 1012 regum
984 927 1044 989 aut
1057 917 1174 1028 potius

105 1045 273 1130 deorum,
291 1063 427 1116 servare
445 1039 626 1135 imagines.

155 1165 317 1240 Primum
332 1163 508 1237 luvenalis
522 1162 564 1235 de
575 1161 779 1235 hominibus
793 1165 863 1234 non
874 1184 952 1236 vere
965 1161 1099 1249 stoicis,
1113 1161 1175 1235 sed

106 1285 235 1359 stoicos
252 1282 519 1372 mentientibus
538 1281 596 1355 hie
614 1281 785 1378 loquitur,
804 1281 933 1380 quippe
951 1304 1038 1378 quos
1053 1282 1176 1356 indoc-

107 1415 160 1479 tos
179 1405 253 1503 ipse
273 1401 443 1503 appellat:
1133 1389 1136 1394 ’

197 1607 200 1615 ’
248 1604 355 1662 indocti
369 1605 501 1675 primum,
514 1617 671 1674 quanquam
684 1602 766 1674 plena
777 1604 868 1665 omnia
879 1617 967 1677 gypso

249 1702 394 1774 Chrysippi
409 1701 534 1759 invenias
546 1699 567 1771 ¹,

110 1895 144 1957 et
159 1882 220 1979 qui
235 1905 271 1956 se
290 1883 417 1957 stoicos
434 1882 513 1957 ideo
529 1882 759 1972 simulabant,
775 1883 856 1978 quia
873 1881 1064 1956 stoicorum
1082 1892 1177 1957 tanta

105 2014 186 2079 erat
201 2005 403 2094 auctoritas,
418 2015 458 2078 ut
473 2005 615 2078 uomina
631 2004 731 2077 stoici
747 2016 781 2079 et
795 2003 879 2078 boni
894 2005 986 2079 idem
1002 2017 1177 2078 sonarent.

110 2128 243 2202 Deinde
254 2127 338 2201 alias
348 2128 540 2215 Zenonem,
554 2128 715 2202 Porticus
730 2108 909 2217 columen,
923 2130 1054 2227 profert
1067 2139 1105 2203 ut
1118 2129 1180 2226 qui

111 2251 244 2349 optima
263 2249 387 2324 devita
405 2259 440 2324 et
457 2249 580 2324 olliciis
598 2250 785 2324 hominurn
803 2251 1025 2351 praeceperit:

218 2495 635 2509 ..........
655 2454 755 2513 Melius
769 2467 821 2511 uos

217 2548 337 2605 Zenonis
349 2550 486 2618 praecepta
499 2551 611 2603 monent
626 2563 632 2601 :
649 2561 700 2603 nec
714 2548 786 2604 enim
799 2547 904 2620 omnia,
917 2547 1041 2620 quaedam

217 2646 269 2702 Pro
282 2644 337 2700 vita
350 2642 477 2700 facienda
490 2648 577 2713 putat.
592 2643 646 2699 Sed
659 2643 796 2700 Cantaber
810 2644 884 2726 unde

154 2754 156 2758 “
218 2739 345 2810 Stoicus,
358 2739 465 2811 antiqui
478 2739 631 2809 praesertin
644 2743 724 2796 aetate
737 2737 879 2798 Metellitt

162 2915 310 3013 Cynicos
340 2915 467 3006 etiam,
496 2917 614 2991 stoicis
646 2938 771 3013 parum
802 2914 1010 3008 dissimiles,
1039 2926 1182 2991 exornat

113 3043 262 3116 summis
281 3041 463 3132 laudibus,
478 3044 558 3139 quia
573 3053 709 3117 certum
725 3042 975 3140 cupiditatibus
990 3043 1096 3118 finem
1112 3044 1181 3118 im·

112 3176 320 3268 posuerunt,
335 3187 400 3238 nec
414 3165 511 3239 video
526 3165 702 3260 quomodo
718 3166 746 3239 is
756 3165 835 3263 jure
850 3154 1037 3241 duritatem
1051 3166 1182 3240 Zenoni

112 3283 296 3381 objiceret,
315 3284 376 3380 qui
393 3284 557 3381 Diogenis
577 3286 819 3361 horriditatem
835 3285 966 3361 extollit
979 3289 1003 3358 ³.

162 3405 238 3479 Hoc
266 3415 383 3479 autem
407 3405 493 3480 mibi
521 3407 645 3481 nonin
666 3407 783 3481 animo
802 3418 873 3497 est,
901 3421 940 3481 ut
957 3407 1180 3482 manifestum

114 3525 256 3616 faciam,
278 3527 372 3622 quod
394 3551 615 3624 nequaquam
636 3529 710 3602 fieri
727 3539 856 3627 potest,
879 3529 1081 3604 Juvenalem
1100 3550 1181 3623 ger-

116 3671 262 3721 manum
274 3649 380 3723 fuisse
393 3649 543 3725 stoicum
550 3677 559 3739 ;
576 3651 610 3724 id
625 3661 760 3724 tantum
776 3650 984 3724 firmissimis
998 3673 1182 3746 argumen-

116 3767 160 3841 tis
178 3767 317 3844 vincere
335 3769 456 3860 velim,
479 3771 660 3869 egregium
677 3771 777 3845 illum
800 3771 1026 3867 scriptorem,
1045 3769 1180 3844 etiarnsi

154 4075 161 4104 ¹
173 4076 232 4133 Juv.
246 4077 319 4147 Sat,
332 4075 369 4145 ll,
382 4090 407 4131 v.
423 4079 465 4133 tl.

153 4165 234 4225 'lun¹
248 4171 321 4240 Sat,
335 4171 389 4240 XV,
403 4185 428 4226 v.
443 4173 505 4226 tob.

153 4264 162 4295 ³
175 4267 235 4324 tur.
248 4269 322 4336 Sat,
336 4267 402 4339 xlv,
415 4280 439 4323 v.
452 4270 513 4324 308.
