2970 5190
684 553 735 627 bl

176 697 325 772 minatae
355 719 496 794 quoque
525 709 561 769 et
588 696 746 770 elumbes
779 696 911 770 litteras
940 699 1007 772 luit
1038 722 1255 797 aggressus,

176 840 270 914 quae,
284 840 324 890 ex
339 815 544 890 libidinibus
559 825 663 903 natae,
681 815 845 890 libidines
859 816 1057 912 augebant?
1071 819 1256 915 Egregius
1269 868 1272 872 -

175 943 234 1017 ille
260 942 424 1016 vitiomm
450 940 657 1029 insectator,
675 962 746 1014 non
763 940 879 1015 solum
906 944 1076 1039 opuscula
1094 943 1162 1016 ista
1190 968 1254 1020 re-

176 1064 380 1164 prehendit,
404 1085 483 1160 quae
508 1052 692 1137 immunda
716 1076 751 1137 et
777 1063 944 1139 obsooena
969 1066 1184 1162 crepabant,
1214 1080 1254 1142 et

176 1187 305 1284 quibus
321 1185 469 1259 eximius
486 1186 636 1282 quisque
659 1186 857 1260 litterarum
878 1188 1069 1262 aestimator
1090 1197 1126 1262 et
1142 1211 1252 1264 accr-

175 1306 288 1378 rimus
317 1304 465 1401 quisque
491 1326 633 1377 morum
661 1317 900 1401 propugnator
927 1308 1058 1404 pariter
1084 1308 1252 1383 offende-

175 1424 325 1514 bantur3
350 1424 410 1498 sed
434 1424 470 1497 iu
494 1425 628 1498 fabulas
651 1424 745 1515 illas,
762 1426 892 1522 quibus
909 1427 1086 1523 ignoverat
1104 1431 1251 1526 episco-

175 1571 303 1648 porum
319 1548 515 1638 maximus,
536 1560 570 1621 et
588 1568 678 1645 quat
693 1548 797 1644 longa
821 1560 1016 1624 sacraverat
1032 1551 1252 1646 admiratio,

174 1673 243 1748 tela
260 1695 366 1747 ausus
382 1685 434 1748 est
446 1672 607 1768 dirigere.

223 1799 358 1885 Quibus
375 1822 415 1874 ex
433 1797 619 1894 exemptis,
637 1797 681 1872 de
697 1797 933 1872 recentiorum
950 1797 1094 1873 bistoria
1115 1822 1250 1900 sump-

175 1922 236 2011 tis,
252 1921 390 1994 facilius
415 1917 629 2013 intelligetur
652 1940 717 1990 cur
741 1917 835 2014 apud
857 1929 1004 2006 veteres,
1031 1940 1103 1991 non
1121 1920 1246 1995 solum

175 2041 304 2140 cynici,
322 2040 452 2137 quibus
469 2038 557 2112 nihil
574 2039 765 2136 pulchrum
782 2050 817 2113 et
833 2062 913 2115 vere
929 2041 1246 2139 exoptandumvi-

176 2165 324 2238 debatur
349 2162 417 2235 nisi
444 2162 650 2249 honestum,
669 2161 730 2236 sed
753 2162 860 2235 etiam
876 2162 996 2253 stoici,
1021 2163 1145 2238 eadem
1168 2167 1247 2243 lere

75 2336 82 2362 ι
174 2285 376 2383 profitentes
401 2294 504 2378 atque
533 2305 553 2355 a
578 2281 710 2379 cynicis
733 2281 854 2355 tunica
885 2292 1024 2356 tantum
1051 2283 1245 2379 distanteS,

175 2404 310 2504 poesim
327 2402 516 2499 aliquando
534 2413 749 2498 caeterasque·
762 2413 855 2476 artes
870 2401 1106 2499 asperioribus
1123 2404 1246 2480 verbis

176 2528 407 2603 tractaverint.
435 2524 513 2600 Non
538 2535 592 2598 est
606 2524 714 2620 igitur
738 2525 834 2621 quod
851 2526 1024 2599 miremur
1043 2525 1245 2619 Zenonem,

92 2648 97 2654 ’
176 2650 294 2725 stoicae
310 2649 439 2724 scholae
461 2647 698 2736 conditorem,
720 2648 885 2721 habuisse
903 2647 1086 2739 inutilem,
1104 2651 1134 2724 si
1157 2651 1245 2727 Dio·

175 2771 255 2870 geni
269 2766 784 2859 creditur‚omnem·liberalem
796 2767 1019 2864 disciplinam
1031 2770 1245 2872 (cipiyndn-

174 2901 252 2971 λιιι
268 2898 436 2970 παιδείαν
452 2891 635 2994 ἄχᾳησιον
656 2890 883 2995 ἀποφαίνει);
901 2889 1172 2988 Epictetumque
1189 2895 1245 2966 vi-

175 3015 254 3088 vida
264 3014 417 3110 quadam
432 3011 814 3101 concinnitatedixisse,
826 3033 898 3084 non
911 3011 1002 3085 hanc
1015 3012 1242 3110 disciplinam

176 3157 252 3209 esse
266 3135 430 3208 humanae
440 3134 518 3207 vitae
528 3134 637 3208 finem
649 3134 885 3232 propositum,
901 3134 962 3208 sed
976 3134 1068 3209 viam
1083 3136 1127 3210 ad
1142 3136 1244 3214 huuc

176 3254 373 3328 munitam:
404 3256 470 3333 οὐκ
499 3264 549 3346 εἰς
576 3263 686 3356 potito
713 3254 860 3348 ὥδευις,
891 3254 1026 3352 inquit,
1057 3257 1149 3335 ἀλλὰ
1177 3266 1243 3339 δια

176 3379 345 3459 codrum.
363 3378 462 3452 Idem
486 3378 888 3469 sentiebatdntouinus,
911 3389 951 3453 ut
974 3403 1016 3455 ex
1037 3380 1138 3455 initio
1163 3383 1242 3479 eJ'us

178 3499 294 3598 operis
315 3508 426 3596 patet,
448 3498 610 3573 obicum
633 3499 699 3573 alia
717 3498 883 3589 maxima,
904 3508 981 3573 tum
1004 3499 1041 3574 id
1063 3501 1242 3599 praecipue

176 3617 322 3693 Rustico
340 3641 377 3693 se
395 3617 520 3692 debere
542 3628 705 3708 testatur,
724 3618 819 3714 quod
843 3641 908 3692 nec
929 3618 1242 3711 rhetoricam-nec

176 3740 350 3838 poeticam
367 3764 525 3838 unquam
542 3741 705 3832 coluerit,
719 3764 784 3816 nec
799 3741 939 3817 dicendi
956 3744 1191 3819 urbanitatem
1206 3758 1242 3821 et

177 3863 300 3937 ssorem
318 3864 422 3938 suerit
438 3876 642 3961 persecutus
661 3866 716 3962 (ιὰ
729 3867 936 3968 ἀποσιῆναι
952 3874 1163 3974 ῥητορικῆς,
1178 3877 1242 3948 καὶ
1258 3901 1266 3912 ’

176 3991 388 4086 ποιητικῆς,
408 3991 470 4063 καὶ
486 3984 778 4084 ἀσιειολογίαᾷ).
803 3983 935 4060 Seneca
953 3985 1095 4076 acriori,
1123 3996 1163 4062 ul
1186 4009 1242 4061 so-

212 4191 222 4226 ¹
235 4193 337 4262 Epict,
352 4192 370 4247 l.
386 4192 425 4264 Il,
437 4207 462 4250 c.
476 4197 519 4252 23.

213 4283 224 4321 ²
237 4290 354 4357 Arctoo,
366 4286 385 4343 l.
401 4288 420 4344 l.
