2970 5190
799 493 847 567 68

289 670 376 724 num
394 655 455 722 aut
466 647 614 722 deorum
632 644 870 721 voluntatibus
883 643 1170 742 proficiscuntur,
1189 669 1230 720 ea
1247 649 1362 724 multo

288 771 399 868 magis
411 793 517 868 quam
533 792 612 867 quae
629 769 793 845 oriuntur
811 792 829 843 a
854 779 979 844 natura
1006 792 1124 844 rerum
1148 770 1265 846 solent
1284 774 1363 847 ani-

286 912 364 966 mos
388 889 618 965 inflammare.
646 889 836 980 Praeterea,
854 888 955 986 pauci
980 887 1069 963 inter
1089 901 1207 987 poetas
1231 893 1363 968 stoicos

287 1011 423 1087 adrem
453 1011 671 1085 tractandam
697 1008 952 1098 incubuerunt,
971 1019 1005 1083 et
1029 1009 1183 1084 materiae
1208 1011 1360 1108 paulum

287 1157 342 1211 ars
361 1135 479 1211 deluit.
499 1135 648 1211 Factum
667 1144 720 1209 est
737 1134 857 1209 nescio
882 1134 1058 1232 quomodo
1083 1145 1122 1210 ut
1145 1136 1204 1232 qui
1225 1139 1360 1212 contla-

286 1255 481 1353 grationem
500 1254 592 1330 hano
617 1254 731 1330 verbis
756 1254 1020 1352 exprimendam
1046 1269 1296 1355 susceperunt,
1317 1260 1359 1335 de

209 1421 214 1431 ·
286 1374 491 1450 hominihus
508 1398 597 1473 pene
616 1375 760 1449 omniuo
776 1374 955 1464 siluerint,
973 1396 1043 1449 non
1056 1387 1157 1453 secus
1178 1379 1261 1452 acsi
1278 1380 1359 1475 quis

285 1519 324 1573 ex
343 1495 529 1572 Homerica
554 1496 611 1570 illa
631 1505 837 1595 tempestate
854 1495 1014 1594 Ulyssem
1042 1496 1208 1572 fluctibus
1227 1499 1357 1576 obluc-

285 1629 417 1694 tantem
436 1618 671 1708 abstraheret,
684 1628 745 1692 aut
763 1640 783 1692 e
801 1615 935 1704 tabula,
951 1616 988 1689 in
1006 1639 1074 1714 qua
1091 1618 1267 1692 artificum
1283 1621 1359 1718 gal-

284 1727 434 1815 licoium
467 1737 716 1814 celeberrimus
751 1735 869 1810 diluvii
903 1735 1035 1810 effinxit
1066 1737 1360 1830 similitudinem,

286 1856 458 1954 quidquid
473 1855 555 1930 vivit
572 1866 606 1931 et
623 1856 734 1955 spirat
755 1856 924 1946 auferret,
943 1877 1008 1930 nec
1033 1857 1225 1954 quidquam
1245 1858 1358 1934 relin-

284 1992 409 2079 queret
432 1980 497 2055 nisi
517 1991 663 2054 marcet
686 1979 826 2054 coelum.
855 1978 894 2052 ld
912 1999 983 2052 non
1004 1978 1116 2054 miror
1140 1979 1167 2052 si
1188 1980 1360 2055 acciderit

284 2105 444 2196 Lucano,
459 2106 519 2203 qui
537 2127 612 2179 rem
631 2103 780 2178 breviter
799 2113 833 2178 et
851 2103 984 2178 cursim
1002 2101 1132 2200 attigit,
1150 2104 1266 2201 utqui
1286 2104 1358 2180 alio

284 2239 504 2328 properaret3
520 2228 580 2302 sed
597 2227 633 2301 in
649 2227 743 2302 idem
761 2227 886 2303 incidit
897 2227 1019 2302 vitium
1038 2226 1112 2324 ipse
1127 2227 1279 2317 Seneca,
1294 2229 1359 2326 qui

285 2350 328 2426 de
342 2349 409 2427 hae
426 2373 464 2425 re
481 2349 643 2450 pluribus
661 2349 835 2424 disseruit.
852 2348 910 2424 Sic
924 2349 1108 2425 Lucanus:
1135 2378 1141 2386 ¹

393 2608 629 2624 ......
650 2569 741 2636 Quum
757 2577 890 2637 compage
905 2564 998 2622 soluta

306 2707 309 2711 «
391 2661 498 2721 Saecula
510 2662 656 2719 totmuudi
670 2675 797 2734 suprema
811 2661 935 2733 coegerit
946 2661 1028 2732 hora,

391 2756 539 2828 tutiquum
552 2760 682 2826 repetens
694 2755 794 2812 iterum
807 2754 906 2828 chaos,
920 2753 1011 2811 omnia
1024 2751 1116 2810 mixtis

269 2856 295 2897 Ι
393 2849 489 2907 Sidera
503 2849 641 2908 sideribus
653 2852 821 2905 concurrent
827 2887 1063 2919 ......

394 2986 768 3005 .........
807 2948 919 3015 totaque
934 2942 1043 2999 discors

391 3042 519 3102 Machina
530 3041 631 3099 divulsi
646 3040 769 3098 turbabit
782 3039 888 3097 foedera
901 3038 996 3096 muudi
1010 3037 1026 3095 ¹.

335 3240 400 3317 Hic
426 3240 542 3340 aliqua
572 3263 656 3316 sane
681 3249 827 3340 apparet
855 3236 1050 3336 amplitudo
1078 3243 1114 3309 ct
1135 3231 1357 3322 sublimitas,

287 3388 394 3465 quam
421 3378 539 3441 tamen
560 3367 634 3464 jam
660 3387 752 3463 saepe
778 3363 940 3438 laudatus
962 3359 1108 3458 gallicus
1138 3366 1249 3447 rates,
1276 3379 1358 3432 eas·

287 3489 368 3564 dem
387 3491 456 3565 sere
474 3491 663 3565 sententias
680 3500 715 3564 et
728 3488 898 3584 imagines
916 3486 1085 3574 reserens,
1101 3494 1162 3559 aut
1179 3481 1358 3580 superavit

288 3622 348 3687 aut
365 3623 458 3689 certe
475 3614 660 3713 aequavitl.
720 3670 725 3679 .

334 3738 529 3815 Audiamus
544 3761 640 3813 nunc
654 3737 825 3812 aeneam
843 3732 986 3809 dirersis
1005 3730 1179 3822 numeris,
1192 3729 1358 3806 diversis·

287 3886 356 3962 que
370 3864 499 3956 verbis,
517 3864 640 3940 eadem
655 3885 764 3962 prope
779 3860 973 3934 dicentem:

249 4140 266 4147 ”
323 4146 332 4183 ¹
345 4147 409 4204 Luc.
423 4145 536 4216 Phora,
550 4145 568 4202 l.
582 4147 609 4217 1,
622 4160 648 4202 v.
660 4147 704 4204 72.

321 4237 509 4297 ¹Lamartine.
527 4238 635 4308 predic,
651 4238 681 4301 V„
