2970 5190
722 497 762 574 8l

130 745 133 749 V
207 645 269 741 qui
284 643 339 719 his
357 644 525 719 institutis
540 655 574 719 et
595 648 778 745 praeceptis
803 671 973 746 perquam
998 650 1272 727 delectabantur.

205 765 382 842 Panaetius
405 767 500 841 enim
519 767 695 844 celebrem
719 780 904 867 aperuerat
927 760 1049 848 Romae
1070 773 1210 863 ludum,
1238 775 1274 848 in

208 912 315 986 quem
334 889 471 964 lluoius
493 890 663 983 Scaevola,
681 892 835 967 Rutilius
860 894 990 984 Rufus,
1010 894 1137 992 aliique
1160 895 1277 971 lectis-

186 1015 289 1123 simi
312 1016 457 1114 juvenes
484 1017 683 1113 frequentes
709 1019 981 1110 conveniebant,
1007 1020 1171 1117 idemque
1193 1045 1277 1096 cum

208 1137 372 1237 Scipione
390 1149 423 1213 et
439 1139 545 1214 Laelio
561 1140 776 1236 singularem
794 1142 983 1238 quamdam
999 1142 1198 1217 devinxerat
1215 1167 1277 1219 ne-

208 1261 469 1336 cessitudinem.
488 1263 598 1337 Porro
616 1264 796 1338 Lucilium
815 1275 951 1340 constat
968 1266 1105 1362 magnis
1123 1265 1177 1339 his
1196 1266 1277 1340 viris

209 1381 315 1457 fuisse
334 1368 611 1473 amicissimum,
631 1392 665 1457 et
681 1384 855 1458 Rutilium
878 1385 1010 1460 Rufum
1033 1407 1178 1460 suorum
1196 1408 1277 1483 ope·

209 1523 290 1576 rum
320 1501 477 1600 judicem
510 1503 615 1576 unice
652 1525 728 1578 esse
754 1504 924 1595 veritum,
951 1527 992 1579 ao
1026 1504 1138 1602 magis
1171 1527 1278 1602 quam

209 1623 377 1722 cuiquam
410 1625 577 1708 credibile
610 1635 662 1701 est
694 1626 769 1724 ejus
796 1627 957 1723 religioni
988 1628 1025 1701 in
1054 1628 1179 1703 litteris
1206 1652 1279 1703 ser·

208 1747 321 1822 viissc.
338 1746 388 1822 Ex
401 1771 470 1845 quo
486 1770 557 1822 non
576 1770 776 1847 perperam,
795 1750 936 1848 opinor,
956 1749 1179 1848 colligeretur
1195 1775 1278 1827 nos-

210 1881 306 1944 trum
325 1881 480 1968 poetam,
499 1871 528 1946 si
554 1895 625 1947 non
646 1894 835 1968 germanus
859 1871 964 1947 fuerit
984 1872 1133 1964 stoicus,
1151 1883 1187 1947 at
1210 1872 1279 1947 sal-

210 2001 284 2067 tem
303 2013 374 2066 non
401 1992 555 2089 potuisse
583 1992 670 2088 quin
696 1993 889 2068 stoicorum
912 1994 1040 2093 placita
1063 1994 1278 2093 primoribus

210 2111 317 2188 labris
336 2112 530 2210 attingeret.
548 2111 665 2198 Quum
684 2124 802 2187 autem
817 2137 1022 2210 generosam
1040 2114 1116 2212 ejus
1137 2114 1278 2191 liberta-

208 2247 281 2312 tem
309 2260 349 2312 ex
376 2260 465 2334 qua,
491 2236 705 2321 Quintiliano
735 2237 872 2335 judice,
897 2238 1030 2312 effluxit
1051 2238 1222 2313 acerbiter
1244 2250 1278 2314 et

210 2360 347 2436 abunde
364 2359 468 2447 solta·
485 2383 596 2456 quum
621 2370 785 2457 praeterea
813 2360 966 2435 vividum
989 2361 1091 2436 illum
1116 2362 1277 2438 ardorem

209 2501 280 2576 quo
307 2479 610 2575 improbissimum
635 2502 828 2577 quemque,
854 2503 933 2554 ense
962 2479 1056 2554 velut
1079 2481 1216 2572 stricto,
1238 2491 1278 2555 ut

210 2604 258 2677 ait
271 2603 290 2677 J
294 2603 466 2692 uvenalis,
481 2604 698 2702 insequitur3
717 2628 828 2701 quum
844 2605 995 2701 denique
1010 2605 1085 2702 ejus
1100 2606 1276 2696 animum,

205 2722 351 2820 justitiae
367 2734 527 2798 tenacem
544 2736 579 2797 et
594 2725 657 2798 oni
674 2747 809 2822 ceparum
832 2725 970 2813 oirtott,
991 2747 1097 2821 quem
1111 2724 1275 2799 Horatius

209 2843 394 2941 praedicat,
421 2865 562 2918 mecum
591 2853 714 2941 reputo
724 2870 733 2935 ;
765 2854 842 2918 tum
874 2845 945 2949 fere
976 2845 1020 2918 ad
1051 2845 1087 2919 id
1118 2844 1276 2919 adducor

209 2977 251 3043 ut
264 2964 405 3042 credam
422 2966 617 3057 Lucilium,
636 2989 707 3041 non
726 2977 893 3064 tanquam
909 2966 1100 3064 hospitem,
1117 2968 1181 3043 sed
1200 2976 1277 3040 tan-

210 3110 317 3184 quam
329 3109 448 3175 ¹unum
466 3108 506 3159 ex
523 3086 648 3176 domo,
666 3087 859 3160 stoicorum
883 3085 1009 3160 adiisse
1029 3085 1135 3177 lareS,
1157 3085 1276 3184 ibique

208 3211 341 3310 ingenii
359 3221 499 3310 pastum
517 3212 740 3309 potissimum
759 3211 967 3309 quaesivisse.

258 3337 342 3422 Quae
359 3335 608 3433 quoquomodo
626 3358 701 3410 sese
725 3335 927 3426 habuerint,
946 3337 1096 3411 stoicum
1115 3358 1190 3410 esse
1212 3337 1276 3410 ali-

209 3457 295 3554 quid
319 3457 456 3531 fatearis
475 3479 617 3531 necesse
639 3466 691 3530 est
716 3457 752 3530 in
771 3457 947 3548 versibus,
970 3479 1076 3554 quos,
1104 3481 1121 3530 a
1140 3457 1275 3531 Lucilio

210 3578 253 3657 de
277 3581 404 3657 virtute
421 3582 586 3679 scriptos,
605 3580 753 3679 posteris
778 3581 921 3656 tradidit
944 3581 1157 3656 Lactantius.
1184 3581 1276 3654 Huic

210 3700 305 3776 enim
320 3703 475 3791 auctori,
488 3702 546 3776 cui
562 3701 792 3776 deliberatum
807 3711 842 3775 et
860 3701 1085 3776 constitutum
1103 3712 1178 3775 crat
1191 3721 1277 3806 prae·

210 3825 331 3922 cipuas
349 3825 641 3923 philosophorum
659 3824 702 3900 de
727 3825 854 3899 virtute
877 3846 1047 3921 exponere
1065 3835 1100 3897 et
1120 3824 1276 3899 refellere

211 3945 410 4042 opiniones,
438 3945 526 4019 nihil
555 3945 671 4043 potius
696 3945 816 4043 reique
843 3944 1141 4019 accommodatius
1164 3944 1277 4019 visum

210 4080 263 4142 est
279 4092 386 4167 quam
404 4092 482 4168 quae
498 4070 706 4146 hoceodem
723 4067 765 4142 de
785 4078 990 4164 argumento
1005 4066 1161 4143 Lucilius
1181 4067 1277 4142 dixe·

210 4202 264 4266 rat
280 4194 408 4268 referre
437 4203 471 4297 et
494 4193 567 4270 suis
595 4193 793 4269 examinare
819 4191 1046 4290 ponderibus.
1074 4189 1164 4266 Nam
1183 4191 1277 4287 quaa*

356 4347 386 4397 F·
1055 4326 1132 4369 ,o
