2970 5190
709 482 733 554 6

190 626 1259 723 componat:quoinlahoreingeniiaciespotinsquamanimi

188 743 344 818 incitatio
358 744 560 839 requiritur.
582 744 717 819 lndefit
729 756 768 818 ut
785 755 894 842 poetae
911 745 1031 833 verba,
1050 746 1093 818 ad
1112 769 1261 822 conere-

188 878 241 940 tas
254 878 288 941 et
300 866 624 962 singulas-quasque
635 890 691 940 res
702 866 1052 964 depingendasutque
1063 867 1105 940 ad
1117 869 1261 944 animos

189 988 435 1086 percutiendos
461 1000 680 1084 comparata,
704 989 824 1060 vividis
848 988 1109 1083 distinguantur
1129 989 1260 1086 imagi-

188 1113 293 1186 nibus
314 1122 349 1185 et
366 1111 487 1207 rapido
512 1122 610 1185 motu
637 1122 954 1207 contorqueantur3
981 1123 1016 1184 at
1034 1124 1153 1185 eontra
1173 1114 1259 1210 phi-

189 1229 406 1328 losophantis
433 1251 565 1317 sermo,
596 1229 638 1302 ad
666 1230 838 1304 abstracta
869 1231 1062 1326 eademque
1091 1231 1259 1308 universa

189 1352 413 1451 exprimenda
429 1362 550 1449 aptae,
564 1353 720 1450 speciosa
731 1352 899 1426 voeabula
914 1353 1119 1449 luminaque
1133 1356 1259 1430 omnia

188 1474 355 1569 orationis
372 1474 468 1560 vitet,
489 1496 554 1548 nee
580 1475 859 1570 significantibus
883 1476 996 1549 verbis
1013 1499 1171 1571 unquam
1195 1478 1262 1551 ad·

189 1593 411 1667 mirationem
430 1605 565 1690 poscat,
581 1594 785 1691 significatis
800 1594 905 1667 rebus
921 1595 1177 1668 reservandam.

237 1718 474 1804 Quamobrem
491 1717 773 1813 ingeniosissimo
792 1717 882 1804 viro,
898 1718 958 1791 sed
977 1717 1013 1789 in
1031 1717 1261 1814 philosophia

189 1841 332 1915 forsitan
350 1863 476 1938 parum
494 1839 672 1936 diligenti,
688 1840 831 1913 Horatio
849 1840 992 1928 Flaoeo,
1011 1841 1172 1914 assentiri
1192 1864 1263 1915 no-

190 1960 270 2048 lim,
287 1960 330 2032 de
348 1958 565 2056 philosophis
584 1959 779 2033 detrahenti
805 1983 888 2034 sane
906 1959 1055 2056 aliquid,
1073 1959 1159 2032 dum
1174 1983 1261 2033 ma-

185 2080 323 2177 joribus
340 2079 503 2160 laudibus
518 2089 654 2176 poetas,
667 2079 931 2177 Homerumque
945 2079 1158 2176 praesertim,
1174 2102 1262 2153 am·

191 2203 342 2300 plifieat:

260 2440 312 2508 Qui
325 2439 391 2510 quid
404 2440 441 2496 sit
456 2438 614 2510 pulchrum,
629 2440 695 2511 qnid
710 2445 805 2512 turpe,
819 2441 886 2511 quid
901 2441 981 2512 utile,
995 2443 1061 2513 quid
1076 2456 1146 2511 non,

261 2539 372 2596 Plenius
385 2545 413 2596 et
427 2539 526 2597 melius
539 2540 692 2611 chrysippo
705 2549 733 2597 et
747 2540 959 2597 Crantore'dioit
972 2540 987 2596 ¹.

239 2752 328 2828 Gum
346 2754 520 2829 Homerus
546 2754 633 2827 mihi
659 2756 823 2853 proponit
846 2766 927 2831 ante
953 2757 1073 2832 oculos
1096 2734 1265 2857 Ulyssem

191 2900 309 2951 ceram
328 2879 472 2953 auribus
495 2878 700 2968 obdentem‚
719 2904 763 2954 ne
781 2880 945 2954 Sirenum
967 2904 1067 2955 voees
1091 2882 1266 2960 libentius

192 3000 311 3073 audiat
324 3013 358 3075 et
372 3023 495 3075 earum
514 3002 668 3099 scopulis
685 3004 833 3101 turpiter
847 3004 1078 3094 adhaeresoat3
1095 3017 1155 3078 aut
1174 3029 1265 3084 eum

191 3134 396 3220 tempestate
423 3124 689 3213 colluctantem,
720 3125 871 3199 adversis
900 3127 1005 3200 undis
1035 3128 1265 3203 immersabi-

192 3245 279 3334 lem,
307 3255 346 3317 ut
370 3244 533 3319 nidulum
560 3245 679 3336 illum,
698 3247 826 3321 saxulis
851 3247 1075 3345 impositum,
1100 3249 1263 3326 lthaeam

192 3371 328 3445 scilieet
356 3394 479 3461 suam,
507 3371 628 3468 longos
658 3383 737 3470 post
767 3394 894 3461 annos,
922 3373 1063 3462 revisat,
1090 3384 1194 3470 atque
1221 3388 1265 3450 ut

192 3504 324 3568 castam
343 3514 505 3583 uxorem,
533 3518 655 3568 earum
682 3494 814 3584 filium,
840 3495 1078 3569 venerandum
1102 3508 1262 3593 patrem,

192 3639 380 3714 sacrosque
396 3617 486 3690 lares
501 3617 642 3690 tandem
662 3618 912 3714 amplectatur;
927 3628 1003 3691 tum
1024 3640 1095 3691 non
1110 3640 1261 3715 possum

191 3742 276 3839 quin
295 3742 401 3815 talem
420 3741 512 3814 hano
530 3740 769 3815 fortitudinem
796 3751 831 3815 el
857 3741 1124 3839 temperantiam
1149 3743 1262 3816 mirer

191 3865 478 3959 exclamemque:
506 3862 534 3937 Ο
559 3863 740 3960 egregium
762 3863 895 3938 viruml
913 3886 933 3937 n
952 3864 1094 3960 dignam
1120 3887 1160 3938 ao
1177 3888 1260 3940 vere

190 3987 378 4084 pulchram
397 3985 522 4081 agendi
540 3986 730 4060 rationem!

225 4207 233 4244 ¹
248 4210 340 4265 Horat.
353 4211 456 4280 Epist,
469 4210 493 4279 Ι,
507 4214 536 4278 2,
551 4223 577 4265 v.
592 4214 620 4266 3.
