2970 5190
765 515 813 590 tt

221 659 322 756 pbos.
339 659 459 757 Siqua
478 683 496 732 a
516 660 663 732 Platone
679 667 861 731 mutuatus
880 667 932 728 est
946 655 1109 750 Virgilius
1129 685 1217 758 quae
1238 694 1313 748 non

220 806 370 880 parvum
382 782 602 857 carminibus
614 782 1032 868 alleruntornamentum,
1042 800 1180 876 quanto
1190 792 1312 886 plura,

222 930 289 982 nec
316 909 437 981 minus
465 906 627 994 feliciter,
652 905 697 979 ab
722 904 874 1001 Epicuro
900 926 963 977 suo
991 906 1144 1001 sumpsit
1170 912 1319 1005 Lucre„

222 1025 314 1115 tius,
339 1026 400 1123 qni
420 1037 528 1098 totam
548 1046 638 1122 pene
656 1022 733 1121 ejus
757 1022 976 1119 disciplinam
997 1022 1196 1119 splendidis
1219 1059 1310 1131 poe.

153 1171 165 1192 ·
223 1173 302 1225 seos
324 1149 524 1224 luminibus
555 1149 770 1245 distinguere
794 1157 938 1221 conatus
961 1147 1028 1220 estl
1057 1148 1094 1221 Si
1119 1157 1205 1248 quis
1228 1184 1310 1238 car.

223 1268 321 1342 mina
349 1291 428 1365 quae
454 1267 509 1340 his
542 1268 670 1341 nostris
696 1266 730 1338 in
756 1265 971 1362 temporibus
997 1265 1032 1338 in
1060 1266 1181 1346 lucem
1211 1281 1308 1360 edita

224 1390 370 1465 luerunt
388 1390 627 1478 recensuerit,
650 1411 688 1462 ea
707 1387 783 1461 aliis
800 1387 1000 1485 pulchriora
1022 1399 1055 1461 et
1070 1396 1308 1489 exquisitiora

223 1511 372 1585 sortasse
401 1511 595 1609 judicabit,
624 1532 722 1606 quae,
751 1509 941 1582 reconditis
973 1512 1175 1590 exortibus
1206 1537 1306 1620 orta,

224 1616 472 1733 philosophico
487 1634 587 1730 quasi
605 1655 711 1708 succo
730 1641 879 1727 turgent.
899 1631 950 1705 Ne
964 1643 1164 1711 nostrorum
1183 1662 1308 1742 aequa.

224 1753 312 1826 lium
328 1754 474 1827 nomina
489 1752 596 1826 latino
612 1751 648 1825 in
667 1749 855 1849 opusculo,
874 1762 993 1823 eontra
1012 1773 1168 1849 morem,
1188 1761 1306 1841 inter.

219 1878 361 1976 jiciam,
384 1890 444 1952 aut
462 1877 565 1972 longo
582 1875 770 1950 verborum
785 1874 932 1948 circuitu
948 1875 1164 1956 subridicule
1180 1885 1306 1966 decla-

223 2023 316 2088 rem,
346 2001 434 2074 mibi
465 2000 553 2073 duos
582 2010 719 2073 tantum
751 1999 1004 2073 illustrissimos
1035 2001 1239 2084 Germaniae
1270 2027 1305 2090 et

222 2117 415 2191 Britanniae
438 2128 558 2215 poetas
585 2119 739 2215 prolerre
763 2116 884 2206 liceat,
909 2140 1059 2214 quorum
1086 2144 1202 2198 unum
1229 2133 1304 2206 exi.

222 2239 292 2313 mia
307 2240 424 2315 sabula
444 2263 522 2338 quoe
533 2241 680 2315 Fonrtnr
698 2239 914 2330 inscribitur,
933 2239 1081 2314 alterum
1097 2265 1205 2341 opera
1222 2253 1303 2348 ple-

217 2384 339 2458 reque,
349 2362 391 2437 de
401 2363 623 2437 Providentia
637 2362 835 2437 dubitantes
849 2361 1301 2462 significant,et·gallorum

194 2493 401 2591 'poetarum
429 2497 557 2558 nostrae
581 2484 692 2557 aetatis
717 2483 932 2581 principem,
960 2484 1020 2580 qui
1047 2509 1144 2562 nunc
1170 2494 1300 2573 eadem

217 2603 260 2677 de
278 2627 316 2678 re
334 2602 535 2677 luculenter
553 2603 705 2676 similem
725 2602 892 2699 expressit
906 2602 1181 2698 dubitationem,
1198 2637 1300 2694 nunc

188 2792 191 2797 .
216 2726 260 2800 ad
279 2725 384 2800 aliam
403 2724 555 2823 fideique
581 2724 855 2798 christianorum
878 2725 1079 2823 propiorem
1102 2751 1298 2814 conversus

216 2860 269 2923 est
286 2848 511 2923 seutentiam.

268 2970 440 3066 Egregius
454 2970 603 3066 hujusce
616 2969 677 3042 aevi
690 2968 939 3067 philosophus,
953 2981 1066 3046 morte
1078 2996 1192 3072 nuper
1208 3001 1297 3076 prae-
1313 2972 1320 2985 ’

218 3103 357 3189 reptus,
387 3092 504 3168 dicere
529 3091 701 3181 solebat¹,
723 3091 924 3166 uonmndo
943 3117 1022 3191 quae
1040 3096 1082 3169 ad
1105 3098 1296 3180 bominum

220 3225 353 3290 sortem
389 3239 451 3291 seu
482 3226 711 3314 praesentem,
745 3238 807 3292 seu
839 3219 992 3292 suturam
1024 3221 1222 3317 pertinent,
1254 3225 1294 3303 ea

220 3338 320 3437 poesi
340 3360 410 3411 non
430 3361 642 3436 repugnare,
661 3339 721 3413 sed
741 3340 832 3413 hanc
847 3339 957 3414 solam
973 3365 1051 3418 vere
1069 3344 1203 3446 poesim
1218 3372 1296 3426 esse

221 3460 497 3552 nominandam,
511 3482 589 3558 quae
600 3461 679 3535 talia
693 3472 865 3554 tractaret,
879 3463 1027 3563 ideoque
1040 3466 1294 3566 philosophum

222 3594 259 3658 et
278 3594 435 3682 poetam,
459 3585 634 3660 diversum
651 3586 837 3683 aliquando
859 3611 921 3687 per
937 3589 1014 3681 iter,
1031 3591 1153 3666 eodem
1172 3604 1292 3672 tamen

221 3708 388 3799 tendere,
404 3731 444 3782 33
460 3708 635 3783 socialiter
653 3720 814 3783 mutuam
829 3711 895 3786 sibi
913 3736 1037 3788 navare
1052 3738 1205 3813 operam.
1227 3720 1294 3797 Cui

223 3831 294 3903 hac
325 3830 367 3904 de
393 3854 431 3904 re
459 3830 607 3906 libenter
633 3832 851 3907 assenserim.
879 3834 954 3921 Quo
982 3839 1076 3911 enim
1102 3839 1292 3922 homiuum

222 3972 338 4045 genus
357 3951 391 4023 in
412 3951 539 4026 melius
559 3962 730 4042 mutatur,
749 3963 783 4025 et
799 3952 1030 4053 incorporalia
1049 3960 1293 4059 corporalibus

255 4234 262 4270 ¹
283 4235 415 4307 louffroy,
430 4235 575 4308 Me'lnnprs
583 4235 692 4308 pdtlor.
705 4266 736 4276 —
752 4230 1293 4339 331333333331333ιι133ᾒί.ᾖγ
