2970 5190
718 483 767 556 to

213 624 304 698 inter
326 636 454 716 artem,
472 648 550 722 quae
567 626 656 701 nihil
674 629 780 705 habet
797 631 976 727 antiquius
1002 654 1109 728 quam
1128 635 1284 732 pulchra

212 749 375 846 effingere
393 749 561 838 diceudo,
579 762 613 823 et
629 753 829 844 scientiam,
846 776 924 850 quae
944 776 1022 829 vera
1042 757 1282 854 perquirenda

209 869 392 966 cogitando
408 869 473 944 sibi
489 872 662 966 proponit.

258 990 375 1080 Plato,
401 991 460 1086 qui
486 991 657 1066 maledico
685 992 788 1067 deute
814 1016 904 1092 saepe
929 995 1040 1092 carpit
1064 1007 1204 1093 poetaS,
1230 1001 1282 1074 eis

209 1113 349 1213 pulchri
377 1112 545 1211 speciem,
565 1114 599 1187 in
619 1116 737 1189 animo
764 1116 992 1205 insidentem,
1011 1118 1283 1215 exprimendam

212 1239 326 1312 modis
354 1260 395 1313 ac
413 1238 570 1312 numeris
595 1239 756 1334 assignat.
782 1239 858 1325 Quo
885 1250 1044 1330 auctore,
1071 1241 1185 1315 infimi
1206 1267 1282 1319 non

209 1360 325 1436 solum
352 1371 484 1459 poetae,
516 1362 577 1435 sed
610 1362 714 1436 etiarn
744 1363 898 1436 hominis
930 1373 1002 1453 est,
1028 1367 1282 1442 tantummodo

208 1480 354 1577 pulchra
378 1480 544 1554 admirari
566 1504 722 1579 corpora.
749 1480 921 1555 Pulchras
946 1481 1100 1572 animas,
1124 1484 1282 1581 pulchra

205 1604 380 1695 facinora,
398 1604 545 1702 pulchra
560 1605 717 1678 instituta
734 1627 774 1679 ac
786 1615 958 1703 praecepta
974 1604 1091 1679 studio
1110 1606 1284 1703 amplecti

200 1725 275 1822 jam
290 1725 419 1822 aliquid
437 1723 542 1798 habet
556 1724 708 1797 nobilius
719 1724 945 1803 etexcelsius.
959 1723 1026 1797 Sed
1041 1747 1116 1798 eam
1131 1726 1282 1822 pulchri

203 1846 372 1936 sormam,
391 1870 469 1943 quae
487 1869 600 1942 neque
619 1846 748 1935 oculis,
770 1869 883 1943 neque
899 1846 1043 1920 auribus
1059 1847 1193 1946 percipi
1212 1873 1283 1947 po-

204 1979 288 2057 test,
305 1979 339 2042 et
356 1991 422 2065 qua
444 1968 531 2040 nihil
548 1969 733 2065 pulchrius
757 1968 943 2066 quisquam
961 1991 1118 2066 unquam
1141 1969 1282 2047 invenit

208 2101 268 2164 aut
296 2091 517 2186 excogitavit,
547 2090 746 2165 incredibili
776 2090 930 2188 quodam
962 2115 1079 2166 amore
1108 2097 1281 2191 persequi

209 2209 377 2285 debemus
410 2213 510 2306 eique
542 2221 612 2284 toto
642 2211 760 2284 animo
793 2211 1041 2285 adhaerescere.
1081 2211 1169 2285 Cum
1198 2215 1281 2291 haec

205 2333 345 2429 pulchri
363 2333 473 2408 forma
492 2357 532 2408 ac
555 2335 654 2430 quasi
673 2335 793 2425 iacies,
818 2358 887 2409 non
912 2334 1027 2410 solum
1045 2336 1089 2410 sit
1113 2337 1279 2431 cognita,

207 2455 388 2529 sedetiam
417 2455 559 2545 dilecta,
587 2467 620 2530 et
647 2467 762 2531 tantos
790 2481 926 2533 amores
953 2459 1078 2533 excitet
1094 2459 1164 2546 sui,
1186 2461 1279 2555 quid

203 2584 254 2648 est
268 2597 332 2648 our
346 2586 483 2649 tantum
504 2600 520 2649 a
540 2576 774 2674 philosophis,
794 2600 913 2650 verum
928 2600 946 2650 a
964 2577 1050 2651 salso
1070 2576 1275 2675 dijudican-

102 2729 107 2736 ·
203 2699 317 2788 tibus,
337 2699 540 2790 definiatur,
559 2722 623 2774 neo
633 2699 855 2773 describatur
870 2722 1008 2797 quoque
1024 2723 1041 2773 a
1057 2700 1194 2775 vatibus
1211 2703 1275 2797 qui

203 2841 390 2915 generosos
406 2819 514 2892 animi
538 2830 654 2893 motus
676 2820 790 2894 verbis
809 2821 930 2895 efferre
948 2821 1082 2894 solent?
1100 2821 1168 2911 lta,
1187 2842 1275 2895 cum

203 2939 424 3038 pbilosophis
453 2950 487 3013 et
515 2939 625 3037 poetis
655 2940 748 3012 idem
767 2941 837 3014 lere
862 2942 906 3014 sit
928 2942 1169 3039 propositum,
1200 2965 1275 3016 non

205 3072 341 3136 tantum
361 3063 452 3136 inter
470 3086 546 3150 eos,
568 3073 739 3159 quantum
755 3064 975 3161 perhibetur,
993 3065 1222 3140 disconvenit.

254 3181 353 3255 Dicet
371 3182 516 3256 sortasse
531 3183 706 3280 quispiam
724 3184 900 3273 carmina,
924 3186 979 3258 his
1000 3186 1042 3261 de
1065 3187 1169 3260 rebus
1187 3208 1274 3259 cou-

206 3299 296 3389 dita‚
320 3300 397 3374 ideo
422 3301 567 3399 pulchra
593 3325 663 3376 non
682 3305 772 3406 lore,
795 3304 895 3400 quia,
917 3306 1053 3378 tametsi
1071 3305 1193 3402 paucis
1212 3307 1274 3379 ho·

205 3421 363 3495 minibus
382 3436 556 3498 emunctae
579 3425 672 3498 naris
696 3438 730 3498 et
754 3427 942 3501 reconditae
960 3427 1127 3502 doctrinae
1144 3429 1275 3524 proba·

206 3558 348 3636 rentur,
368 3571 406 3622 ea
423 3548 547 3645 vulgus
562 3549 682 3644 iniquo
701 3551 874 3648 acciperet
896 3551 1029 3640 animo,
1048 3551 1176 3649 quippe
1194 3576 1275 3649 quae

203 3672 240 3743 in
257 3672 331 3767 ejus
349 3671 613 3767 intelligentiam
627 3672 680 3745 vix
698 3673 872 3746 caderent.
891 3672 936 3746 At
949 3673 1138 3770 pulchrum
1157 3675 1275 3770 majus

208 3804 259 3866 est
278 3802 312 3865 et
330 3793 516 3866 sublimius
536 3817 640 3897 quam
663 3807 703 3867 ut
725 3795 867 3869 arbitrio
886 3795 1019 3869 stolidae
1036 3795 1276 3871 multitudinis

207 3915 252 3985 sit
278 3914 489 4006 obnoxium3
516 3917 679 4012 quodque
707 3915 749 3989 de
776 3916 921 3991 honesto
945 3917 1031 3993 dicit
1053 3917 1209 3991 Tullius¹
1238 3919 1276 3992 id

240 4203 248 4240 ¹
268 4206 308 4257 De
324 4202 446 4275 Officiis,
459 4203 478 4260 l.
493 4205 519 4274 l,
534 4218 558 4259 c.
572 4206 597 4259 l.
