2970 5190
714 510 762 584 28

206 663 328 751 babet,
351 664 596 760 magnanimos
621 663 711 736 viros
734 662 779 736 de
802 660 908 737 rebus
932 662 1045 757 magis
1071 662 1284 739 laborantes

204 806 311 880 quam
337 784 381 858 de
407 782 539 872 verbis,
566 794 601 857 et
625 781 784 879 quamvis
811 804 916 881 parra
942 803 1014 855 non
1041 782 1190 856 omnino
1217 784 1283 858 de·

205 906 414 1003 dignentur,
437 929 476 981 ea
501 917 619 982 tamen
648 905 841 1005 majoribus
865 906 1030 1005 anteponi
1053 906 1201 1004 indigne
1228 910 1283 984 fe-

204 1035 332 1099 rentes

254 1148 357 1234 Quod
375 1149 483 1246 igitur
495 1150 697 1224 cbristianis
722 1149 966 1238 concedimus,
982 1148 1019 1222 id
1044 1147 1165 1224 stoicis
1190 1171 1284 1225 oon-

207 1272 376 1347 cedamus
394 1297 538 1364 censeo,
559 1275 710 1349 maxime
728 1297 810 1348 cum
828 1273 912 1348 satis
930 1284 1094 1372 appareat
1110 1297 1130 1348 e
1148 1275 1282 1350 multis

206 1418 328 1471 eorum
348 1397 487 1495 scriptis
504 1421 584 1494 qnae
601 1420 679 1472 vera
706 1397 811 1471 suerit
826 1397 985 1491 ipsorum
1001 1396 1187 1469 sententia.
1207 1397 1279 1472 Se·

205 1542 309 1608 neca,
336 1521 436 1619 cujus
462 1543 567 1596 nemo
593 1543 678 1595 sane
706 1520 948 1595 testimonium
976 1519 1170 1608 recusabit,
1199 1545 1277 1596 non

203 1639 319 1714 solum
338 1641 476 1715 nullum
491 1641 623 1738 profert
636 1653 871 1738 preceptum,
885 1661 955 1736 quo
973 1639 1092 1713 stoicis
1104 1636 1280 1739 elequen-

202 1762 249 1836 tia
267 1763 515 1851 interdicatur,
538 1763 599 1836 sed
622 1785 683 1837 eos
700 1762 751 1837 sic
763 1762 866 1861 jubet
888 1761 1006 1858 loqui,
1023 1771 1064 1836 ut
1086 1760 1277 1839 audientes
1294 1755 1301 1774 ‘

201 1887 339 1961 virtutis
354 1886 471 1960 studio
486 1887 648 1962 incensos
660 1886 856 1961 dimittant:
874 1885 1007 1985 «Rapit
1024 1885 1119 1975 illos,
1136 1885 1276 1984 inquit,

203 2008 416 2105 instigatque
446 2032 566 2082 rerum
595 2009 841 2106 pulchritudo,
872 2030 944 2083 non
974 2008 1161 2084 verborum
1193 2011 1276 2085 ina·

203 2128 303 2201 nium
331 2128 529 2202 sonitns¹.»
560 2128 644 2203 Haee
672 2138 724 2202 est
754 2150 880 2225 magna
907 2128 967 2203 illa
995 2139 1030 2202 et
1054 2129 1171 2203 divina
1191 2131 1275 2205 -elo-

158 2275 167 2287 ·
204 2247 363 2345 quentia,
380 2271 458 2344 quae
476 2269 547 2322 non
565 2248 609 2321 ad
627 2247 821 2338 dicentem,
840 2248 901 2322 sed
920 2248 964 2322 ad
986 2249 1079 2323 dicta
1099 2253 1276 2326 convertit

204 2373 356 2462 animos
374 2385 409 2447 et
435 2395 513 2470 quae
537 2395 701 2448 romanas
726 2372 874 2462 litteras,
899 2372 1026 2470 puerili
1049 2373 1221 2471 jactantia
1238 2386 1275 2449 et

203 2493 351 2567 ridicula
368 2493 518 2568 vanitate
536 2495 681 2568 afflictas
699 2517 740 2568 ac
756 2494 930 2591 jacenteS,
948 2494 1017 2569 nisi
1032 2494 1069 2568 id
1093 2495 1272 2571 humanas

204 2615 435 2712 superavisset
446 2615 555 2705 rireS,
569 2613 642 2688 sola
660 2636 817 2689 recreare
832 2623 868 2687 et
883 2613 1011 2689 iterum
1024 2616 1194 2691 suscitare
1210 2639 1273 2714 po·

204 2734 337 2808 tuisset.
357 2734 452 2808 Nihil
471 2734 565 2808 enim
583 2746 659 2807 tum
677 2734 789 2830 magis
807 2733 916 2809 defuit
929 2757 1084 2809 romanae
1099 2736 1271 2833 eloquen-

205 2857 260 2931 tiae
275 2881 381 2954 quam
397 2857 552 2931 studiosa
568 2879 687 2930 rerum
700 2880 784 2931 cura
798 2868 833 2931 et
846 2856 964 2933 nobile
973 2858 1161 2933 verborum
1175 2860 1273 2933 sasti-

204 2981 314 3054 dium.
342 2980 465 3054 Orator
493 2981 736 3076 unusquisque
762 2980 878 3079 potius
904 2981 971 3055 sibi
995 2981 1140 3079 plausus
1160 3005 1271 3079 quam

203 3101 317 3176 verbis
335 3101 441 3176 tidem
460 3100 712 3200 aucupabatur.
731 3100 833 3177 Unde
845 3101 951 3198 lepidi
966 3101 1004 3176 bi
1020 3101 1179 3178 Persiani
1192 3128 1272 3179 ver-

202 3242 282 3297 sus:

307 3465 388 3525 Nilne
402 3464 488 3537 pudet
500 3466 585 3537 capiti
599 3479 653 3522 non
667 3479 750 3537 posse
760 3466 886 3536 pericula
900 3476 970 3522 cano

310 3562 430 3633 Pellere,
444 3563 510 3633 quin
525 3561 647 3634 tepidum
659 3562 712 3619 boc
725 3567 805 3633 optes
817 3562 928 3619 audire:
941 3550 1094 3618 Decenter?

309 3661 365 3715 Fur
378 3672 421 3728 es,
436 3659 474 3714 ait
486 3658 578 3714 Pedio.
592 3657 693 3715 Pedius
706 3657 790 3728 quid?
803 3658 921 3714 Crimina
931 3657 1002 3713 rasis

308 3751 400 3808 Librat
414 3751 441 3806 in
458 3751 614 3808 antithetis:
629 3750 726 3806 doctas
738 3751 865 3821 posuisse
878 3749 980 3820 figuras

309 3846 463 3905 Laudatur:
478 3847 580 3905 bellum
593 3845 660 3905 boel
674 3847 727 3904 boc
740 3846 843 3903 bellum
855 3844 876 3900 ²!

196 4198 200 4210 ι
239 4125 327 4182 ¹sen.
343 4129 397 4199 Ep.
412 4102 475 4183 roa.

239 4221 251 4257 ²
263 4223 391 4292 Persius,
404 4225 467 4283 Sat.
481 4229 508 4290 t,
521 4238 546 4279 v.
561 4227 605 4280 83.
