2970 5190
722 446 772 520 56

33 576 37 581 ’
100 620 103 625 ·
215 597 313 671 nium
340 596 543 683 uoluntates.
572 596 685 693 lpsam
713 595 830 693 itaque
858 597 1034 707 praecipue
1060 570 1131 668 uei'
1149 588 1288 669 summi

214 719 446 809 voluntatem,
465 719 566 816 cujus
593 729 744 816 potestas
774 718 1057 819 insumrehiliter
1073 729 1287 815 perennata

215 840 421 939 porrigitur,
441 861 500 913 eos
518 839 694 937 appellare
712 840 821 914 latum
839 839 890 913 sio
909 839 1148 937 probatur¹.›
1307 910 1311 915 .

262 961 433 1033 Praeterea
450 960 486 1033 in
504 959 612 1033 stoica
628 959 670 1032 de
688 959 756 1033 lato
778 960 949 1034 sententia
971 958 1127 1033 sublime
1148 956 1288 1054 aliquid

216 1084 307 1157 inest
325 1094 359 1156 ot
372 1080 647 1171 subobscurum,
666 1083 760 1179 quod
778 1106 860 1157 cum
875 1104 997 1157 omnes
1015 1081 1178 1157 omnium
1193 1091 1288 1156 tem-

216 1225 340 1299 porum
365 1212 501 1300 poetas,
526 1212 603 1276 tum
629 1224 687 1276 eos
709 1201 858 1276 maxime
873 1203 975 1276 decet
991 1202 1052 1298 qui
1072 1200 1287 1274 florentissi-

214 1325 281 1399 mis
308 1324 433 1399 mumli
458 1324 616 1401 ataubus
642 1325 838 1421 viguerunt.
863 1324 970 1399 Stoici
994 1327 1091 1399 enim
1116 1347 1204 1398 oum
1230 1323 1288 1396 his

216 1447 391 1547 precipuo
422 1457 555 1521 certant
582 1448 642 1545 qui
675 1449 791 1523 omnia
822 1471 913 1523 caeco
943 1471 1027 1524 casu
1057 1448 1134 1522 fieri
1164 1457 1200 1521 et
1226 1469 1289 1520 vo-

216 1571 315 1647 lubili
343 1573 479 1646 lortuna
505 1574 578 1669 regi
602 1573 738 1663 volunt,
766 1597 832 1670 qua
857 1573 1021 1672 opinione
1047 1572 1135 1646 nihil
1160 1572 1230 1646 arti
1253 1586 1288 1647 et

215 1691 390 1782 scientiae,
418 1693 560 1788 quaein
592 1693 714 1767 ordine
743 1693 893 1768 maxime
921 1695 1105 1783 annuant,
1125 1693 1288 1767 inveniri

216 1824 328 1913 potest
352 1816 614 1914 repugnantius.
640 1815 768 1891 Contra
794 1838 852 1892 eos
879 1838 1020 1913 quoque
1045 1816 1286 1906 contendunt,

216 1939 275 2036 qui
301 1939 390 2013 Doos
417 1939 558 2036 <puidam
591 1940 740 2014 eredunt
768 1963 842 2014 esse
870 1964 989 2015 rerum
1020 1949 1191 2029 rectores,
1217 1941 1285 2014 'sed

217 2061 294 2137 illos
322 2063 407 2138 adeo
432 2064 614 2138 hominum
643 2064 776 2139 similas
806 2064 871 2138 sihi
898 2065 1054 2160 lingunt,
1082 2073 1122 2137 ut
1150 2062 1193 2136 iis
1222 2063 1285 2159 qui

218 2199 326 2260 terras
359 2199 528 2260 noverunt
561 2188 690 2261 oolam
722 2188 823 2286 plane
858 2198 980 2262 notum
1009 2209 1084 2261 esse
1112 2184 1284 2260 rideatur.

217 2305 326 2378 Porro
346 2305 432 2378 nihil
451 2307 516 2380 hae
531 2306 640 2381 Taciti
656 2307 826 2383 sententia
844 2307 958 2380 verius
977 2317 1011 2380 et
1027 2305 1202 2401 insignius
1220 2329 1287 2378 un-

218 2450 323 2523 apuam
355 2416 425 2500 fuit
448 2428 605 2501 dietum:
642 2426 785 2501 «Omne
815 2427 973 2523 ignotum
1003 2449 1066 2524 pro
1094 2425 1286 2521 magnifico

218 2550 337 2622 osu.»
359 2549 449 2646 Ergo
464 2549 655 2646 unicuique
674 2560 726 2622 est
741 2549 775 2622 in
795 2559 975 2647 promptu,
990 2571 1059 2628 non
1079 2547 1178 2621 tritos
1198 2548 1286 2622 istos

220 2671 320 2760 ileos,
339 2694 427 2768 quos
441 2671 584 2767 vulgus,
601 2695 670 2745 non
690 2694 790 2746 secus
810 2694 850 2745 ae
865 2671 995 2745 vicinos
1014 2693 1112 2760 suos,
1129 2669 1195 2745 sibi
1220 2693 1286 2744 no-

221 2802 271 2864 tos
295 2801 408 2889 putat,
426 2791 487 2865 soil
507 2792 673 2879 obscura,
693 2791 880 2888 ignotaque
899 2791 956 2863 illa
978 2791 1061 2880 lata,
1080 2791 1168 2864 nihil
1186 2792 1285 2887 quod

220 2915 399 2989 hominem
427 2914 580 2988 redoleat
608 2913 788 3002 habentia,
820 2913 1084 3011 prudentissimi
1111 2913 1285 3012 cujusque

220 3037 377 3109 animum
397 3059 597 3134 permovere
616 3059 726 3134 posse.
824 3126 831 3135 ἱ

269 3158 352 3244 Qua
370 3158 420 3233 ris
433 3159 510 3249 lati,
525 3161 668 3233 rationis
684 3161 857 3257 particeps
875 3183 915 3236 ao
931 3163 1047 3236 nescia
1060 3161 1285 3252 mutationis,

221 3282 349 3357 elarius
368 3292 401 3355 ot
425 3282 561 3381 planius
585 3306 621 3358 se
638 3284 967 3382 praebetridendam
990 3285 1027 3358 in
1052 3286 1155 3359 certis
1178 3285 1284 3359 ratis-

221 3429 288 3504 que
307 3407 441 3503 legibus
457 3429 534 3504 quaa
553 3408 681 3482 coelum
700 3419 734 3483 et
750 3418 875 3498 terras,
896 3431 990 3482 mare
1009 3419 1042 3482 et
1057 3432 1134 3482 aera
1153 3418 1285 3506 tempe-

221 3543 316 3622 rant,
335 3554 440 3629 quam
459 3531 495 3604 in
514 3532 580 3606 hae
604 3533 767 3606 humanae
783 3532 860 3605 vitae
878 3532 968 3606 uaria
987 3555 1028 3607 aa
1048 3531 1209 3606 mutabili
1227 3556 1285 3606 ra-

217 3654 325 3736 tione.
346 3653 430 3727 lnde
454 3652 638 3743 luculenti,
663 3654 715 3727 vel
731 3654 845 3752 potius
869 3655 975 3728 divini
1000 3677 1134 3744 versus,
1154 3655 1283 3750 quibus

223 3777 872 3874 praestantissimusvatasquemnuper
883 3779 1060 3851 Britannia
1073 3777 1284 3867 tulit,Onea·

222 3922 307 3973 num
328 3899 524 3996 alloquitur.
547 3899 746 3997 Splendidis
764 3912 880 3974 autem
895 3900 1067 3991 versibus,
1089 3924 1175 3998 quos
1193 3900 1284 3999 Byro

260 4101 266 4138 ¹
282 4101 394 4172 August.
411 4107 451 4158 De
466 4104 523 4159 Cia.
539 4105 606 4170 Dei,
622 4102 640 4159 l.
653 4105 684 4175 V,
698 4118 722 4176 u.
737 4109 762 4158 8.

258 4195 346 4255 ΞΤαῦ.
361 4200 458 4271 Apris.
474 4201 534 4271 ain,
549 4212 573 4254 c.
588 4202 631 4255 30.
