2948 5220
762 579 808 652 to

252 726 379 800 chrum
399 745 522 821 poema
541 723 608 796 hac
627 730 764 795 tantum
782 720 856 817 lege
874 718 978 794 condi
995 729 1122 818 potest,
1147 730 1187 794 ut
1204 719 1317 794 verbis

254 872 308 924 res
325 847 570 946 subjiciantur,
588 847 664 920 3100
678 844 806 941 quibus
823 843 1014 918 clarissima
1033 841 1198 917 orationis
1215 865 1319 916 ornae
1368 832 1370 838 ’

254 984 394 1062 menta,
412 971 503 1045 sicut
521 969 712 1068 splendidae
725 978 853 1061 restes,
876 965 1005 1064 quibus
1022 976 1083 1041 aut
1100 967 1240 1041 nullum
1260 978 1321 1041 301

255 1095 384 1169 falsum
402 1091 613 1190 supponitur
633 1112 779 1188 corpus,
800 1089 917 1164 inania
941 1099 1023 1163 sunt
1044 1099 1078 1163 ct
1095 1088 1318 1187 perridicula.

255 1217 562 1303 Quemadmodum
580 1215 716 1312 egregie
734 1238 752 1289 a
770 1214 888 1288 Marco
908 1213 1022 1287 Tullio
1038 1214 1321 1318 animadversum

255 1352 324 1431 est,
345 1361 401 1415 res
425 1338 529 1412 verba
557 1337 715 1434 rapiunt,
742 1359 830 1433 eque
854 1335 959 1411 rebus
985 1335 1088 1433 plane
1116 1337 1264 1432 cognitis
1288 1347 1322 1412 01

176 1450 188 1475 ”
214 1516 219 1531 ,
250 1459 447 1561 ¹perspectis
461 1460 648 1535 efflorescit
662 1470 695 1533 et
707 1458 881 1534 redundat
894 1457 1014 1532 oratio.
1032 1457 1154 1554 ltaque
1171 1459 1323 1555 quoties·

258 1609 398 1683 cunque
416 1585 603 1684 scriptores
621 1585 664 1659 de
681 1584 815 1659 ratione
833 1583 1009 1658 scribendi
1028 1584 1139 1679 magis
1154 1607 1260 1680 quarn
1280 1585 1323 1660 de

256 1711 362 1788 rebus
374 1708 787 1808 scriptisincipiuntesse
795 1708 951 1797 solliciti,
965 1707 1067 1782 toties
1080 1708 1203 1783 litterae
1216 1708 1323 1785 dilabi

256 1854 297 1905 ac
316 1823 502 1904 concidere
518 1828 641 1903 solent.
658 1827 696 1901 ld
711 1826 869 1902 Bolaeum
884 1836 1043 1901 nostrum
1062 1849 1132 1901 non
1150 1828 1323 1924 fugiebat,

256 1974 338 2025 cum
364 1949 435 2024 3310
462 1948 574 2023 multo
598 1948 733 2045 ineptos
758 1946 941 2020 defricaret
962 1957 1097 2044 poetas,
1121 1948 1198 2043 qui,
1220 1947 1323 2022 Iridis

257 2094 376 2147 amore
401 2071 509 2168 capti,
528 2071 683 2166 quotidie
702 2069 792 2144 bene
810 2068 881 2166 poti
901 2079 934 2142 et
958 2069 1046 2143 bene
1070 2069 1189 2167 pransi
1207 2079 1325 2145 trans-

219 2270 223 2277 ,
257 2191 359 2265 latire
385 2189 638 2264 moriebantur.
672 2189 842 2291 Quidest
868 2212 932 2263 cur
957 2188 1131 2264 Homerus
1162 2189 1209 2262 ita
1234 2189 1326 2264 Deos

258 2313 418 2409 effingat,
441 2324 481 2387 ut
502 2335 560 2388 003
577 2313 689 2388 vivere
712 2324 745 2387 01
763 2313 895 2411 spirare
914 2304 1051 2402 credas,
1070 2324 1175 2410 atque
1193 2335 1252 2388 eos
1279 2315 1327 2388 113

259 2433 406 2507 10110031
428 2455 489 2506 300
515 2433 715 2538 loquentes,
740 2456 801 2507 seu
827 2443 988 2528 agenteS,
1011 2445 1051 2508 ut
1075 2457 1198 2509 eorum
1221 2435 1327 2508 verba

260 2554 401 2644 audire,
416 2576 540 2628 eorum
556 2554 644 2628 13013
657 2554 772 2629 1111010
789 2555 850 2629 11111
870 2555 1039 2645 videaris,
1058 2556 1125 2629 0131
1140 2557 1221 2653 quia
1237 2580 1329 2654 prae-

261 2674 378 2748 clarus
401 2673 459 2748 ille
478 2675 532 2747 vir
552 2696 631 2770 quae
652 2673 695 2748 de
718 2674 783 2748 diis
805 2685 925 2749 narrat
940 2675 1016 2773 ipse
1033 2698 1113 2749 vera
1133 2698 1207 2750 esse
1231 2676 1329 2749 arbi-

261 2799 397 2879 trator?
414 2797 547 2872 —Cur
565 2799 739 2873 maximus
756 2799 815 2873 ille
833 2799 939 2873 medii
959 2800 1020 2873 aevi
1039 2811 1155 2896 poeta,
1174 2799 1235 2896 qui
1255 2822 1329 2872 000

262 2921 388 3020 injuria
416 2921 502 2995 31101
526 2921 675 2995 babetur
701 2930 735 2993 et
761 2920 891 2995 dicitur
916 2921 1108 3010 Ηο100103,
1136 2909 1211 2996 dira
1237 2922 1295 2995 inf
1314 2964 1330 2978 -

263 3066 382 3117 rorum
409 3043 601 3140 supplicia,
627 3053 729 3139 atque
747 3054 895 3118 aeternos
916 3045 1164 3119 damnatorum
1192 3045 1331 3118 dolores

264 3162 468 3236 horribilem
493 3163 528 3234 in
555 3162 702 3236 modom
724 3161 896 3258 depinxit,
916 3163 982 3236 nisi
1005 3165 1100 3260 quod
1124 3186 1193 3236 non
1214 3162 1332 3238 solum

264 3281 384 3355 inferis
407 3283 596 3357 adhibebat
618 3283 742 3373 fidem,
766 3285 825 3357 sed
851 3285 954 3358 etiam
980 3308 1038 3359 eos
1062 3286 1334 3383 pertimescebat

264 3415 368 3501 atque
388 3405 576 3479 horrebat?
593 3405 706 3481 Rudis
724 3417 759 3480 et
776 3407 1029 3503 incompositus
1048 3409 1251 3506 aliquando,
1271 3409 1334 3484 sed

152 3581 153 3584 η
240 3547 244 3558 1
265 3524 429 3600 sublimis
445 3535 562 3599 tamen
578 3526 1333 3638 0101301110000313103,0013113010100ῐο

265 3648 386 3746 gloriae
408 3648 584 3744 fastigium
610 3649 842 3723 britannicam
870 3652 977 3724 evexit
1000 3642 1230 3748 tragoediam,
1249 3676 1333 3728 cum

152 3840 153 3844 ,
268 3772 437 3846 infaustas
453 3771 534 3844 istas
551 3793 667 3866 sagaS,
683 3783 809 3862 noctu,
827 3774 961 3847 deserto
980 3783 1014 3847 01
1026 3773 1173 3848 deformi
1187 3775 1220 3847 in
1237 3775 1333 3866 loco,

269 3894 452 3982 saltantes,
471 3893 753 3992 interruptasque
770 3916 871 3970 voces
886 3895 1097 3986 emittentes,
1117 3896 1284 3971 describit
1301 3908 1336 3973 et

272 4018 414 4120 subjicit
437 4017 503 4094 suh
522 4019 662 4109 oculos,
681 4041 798 4095 nonne
814 4020 891 4096 ideo
914 4020 1089 4097 auditores
1107 4030 1229 4113 terret,
1252 4022 1336 4119 quia

271 4139 345 4237 ipse
362 4139 538 4213 terretur?

323 4259 413 4336 Cum
427 4282 506 4336 vero
521 4261 737 4359 philosophi,
755 4285 820 4339 000
834 4263 926 4340 lovis
943 4265 1074 4362 grande
1090 4261 1350 4362 supercilium,
