<?xml version="1.0" encoding="UTF-8"?>
<!DOCTYPE html PUBLIC "-//W3C//DTD XHTML 1.0 Transitional//EN"
    "http://www.w3.org/TR/xhtml1/DTD/xhtml1-transitional.dtd">
<html xmlns="http://www.w3.org/1999/xhtml" xml:lang="en" lang="en">
 <head>
  <title>
</title>
<meta http-equiv="Content-Type" content="text/html;charset=utf-8" />
  <meta name='ocr-system' content='tesseract 3.04.00' />
  <meta name='ocr-capabilities' content='ocr_page ocr_carea ocr_par ocr_line ocrx_word'/>
</head>
<body>
  <div class='ocr_page' id='page_1' title='image "./destoicadiscipl00ferrgoog_0022.png"; bbox 0 0 2970 5190; ppageno 0'>
   <div class='ocr_carea' id='block_1_1' title="bbox 205 401 1386 2576">
    <p class='ocr_par' dir='ltr' id='par_1_1' title="bbox 729 401 1207 653">
     <span class='ocr_line' id='line_1_1' title="bbox 744 401 1204 461; baseline 0.002 -4"><span class='ocrx_word' id='word_1_1' title='bbox 744 420 768 457; x_wconf 74' lang='grc' dir='ltr'>ἰ</span> <span class='ocrx_word' id='word_1_2' title='bbox 796 401 806 417; x_wconf 82' lang='lat'><strong>‘</strong></span> <span class='ocrx_word' id='word_1_3' title='bbox 1031 455 1034 458; x_wconf 79' lang='grc'><strong><em>,</em></strong></span> <span class='ocrx_word' id='word_1_4' title='bbox 1199 454 1204 461; x_wconf 82' lang='grc'>,</span> 
     </span>
     <span class='ocr_line' id='line_1_2' title="bbox 729 479 1207 578; baseline 0.008 -51"><span class='ocrx_word' id='word_1_5' title='bbox 729 507 753 578; x_wconf 76' lang='lat'>9</span> <span class='ocrx_word' id='word_1_6' title='bbox 790 513 792 517; x_wconf 31' lang='lat' dir='ltr'>v</span> <span class='ocrx_word' id='word_1_7' title='bbox 1055 492 1070 527; x_wconf 54' lang='lat'>³.</span> <span class='ocrx_word' id='word_1_8' title='bbox 1187 479 1207 531; x_wconf 62' lang='lat' dir='ltr'>i</span> 
     </span>
     <span class='ocr_line' id='line_1_3' title="bbox 988 594 1145 653; baseline 0 -24"><span class='ocrx_word' id='word_1_9' title='bbox 988 606 1011 653; x_wconf 49' lang='grc' dir='ltr'>’ἢ</span> <span class='ocrx_word' id='word_1_10' title='bbox 1130 594 1145 629; x_wconf 55' lang='lat' dir='ltr'>Q</span> 
     </span>
    </p>

    <p class='ocr_par' dir='ltr' id='par_1_2' title="bbox 205 652 1386 2576">
     <span class='ocr_line' id='line_1_4' title="bbox 210 652 1358 760; baseline -0.002 -28"><span class='ocrx_word' id='word_1_11' title='bbox 210 655 287 732; x_wconf 92' lang='lat' dir='ltr'>nori</span> <span class='ocrx_word' id='word_1_12' title='bbox 306 657 342 729; x_wconf 91' lang='lat' dir='ltr'>in</span> <span class='ocrx_word' id='word_1_13' title='bbox 358 666 475 754; x_wconf 87' lang='lat' dir='ltr'>poetas</span> <span class='ocrx_word' id='word_1_14' title='bbox 491 655 645 730; x_wconf 89' lang='lat' dir='ltr'>adhibita</span> <span class='ocrx_word' id='word_1_15' title='bbox 660 656 857 747; x_wconf 88' lang='lat' dir='ltr'>severitate,</span> <span class='ocrx_word' id='word_1_16' title='bbox 881 652 1116 760; x_wconf 70' lang='lat' dir='ltr'>Pythagoras,</span> <span class='ocrx_word' id='word_1_17' title='bbox 1131 656 1277 753; x_wconf 82' lang='lat' dir='ltr'>Homeri</span> <span class='ocrx_word' id='word_1_18' title='bbox 1352 662 1358 672; x_wconf 83' lang='lat'>&#39;</span> 
     </span>
     <span class='ocr_line' id='line_1_5' title="bbox 210 760 1277 876; baseline -0.001 -24"><span class='ocrx_word' id='word_1_19' title='bbox 210 777 367 876; x_wconf 88' lang='lat' dir='ltr'>ejusdem</span> <span class='ocrx_word' id='word_1_20' title='bbox 384 776 596 873; x_wconf 89' lang='lat' dir='ltr'>Hesiodique</span> <span class='ocrx_word' id='word_1_21' title='bbox 619 762 753 852; x_wconf 90' lang='lat' dir='ltr'>animas</span> <span class='ocrx_word' id='word_1_22' title='bbox 773 801 810 852; x_wconf 89' lang='lat' dir='ltr'>se</span> <span class='ocrx_word' id='word_1_23' title='bbox 838 779 874 852; x_wconf 93' lang='lat' dir='ltr'>in</span> <span class='ocrx_word' id='word_1_24' title='bbox 900 760 1019 853; x_wconf 87' lang='lat' dir='ltr'>inseris</span> <span class='ocrx_word' id='word_1_25' title='bbox 1037 765 1165 854; x_wconf 66' lang='lat' dir='ltr'>uidibse</span> <span class='ocrx_word' id='word_1_26' title='bbox 1184 780 1277 853; x_wconf 84' lang='lat' dir='ltr'>aldr-</span> 
     </span>
     <span class='ocr_line' id='line_1_6' title="bbox 210 886 1315 998; baseline 0.001 -25"><span class='ocrx_word' id='word_1_27' title='bbox 210 900 347 987; x_wconf 88' lang='lat' dir='ltr'>mabat‚</span> <span class='ocrx_word' id='word_1_28' title='bbox 367 922 430 995; x_wconf 92' lang='lat' dir='ltr'>pro</span> <span class='ocrx_word' id='word_1_29' title='bbox 447 898 547 972; x_wconf 82' lang='lat' dir='ltr'>luctis</span> <span class='ocrx_word' id='word_1_30' title='bbox 569 899 843 998; x_wconf 81' lang='lat' dir='ltr'>adulteriisque,</span> <span class='ocrx_word' id='word_1_31' title='bbox 866 922 945 997; x_wconf 85' lang='lat' dir='ltr'>quae</span> <span class='ocrx_word' id='word_1_32' title='bbox 965 886 1055 974; x_wconf 85' lang='lat' dir='ltr'>salso</span> <span class='ocrx_word' id='word_1_33' title='bbox 1070 901 1277 976; x_wconf 87' lang='lat' dir='ltr'>numinibus</span> <span class='ocrx_word' id='word_1_34' title='bbox 1308 982 1315 993; x_wconf 91' lang='lat'>.</span> 
     </span>
     <span class='ocr_line' id='line_1_7' title="bbox 210 1000 1317 1127; baseline 0.002 -36"><span class='ocrx_word' id='word_1_35' title='bbox 210 1000 485 1115; x_wconf 77' lang='lat' dir='ltr'>adscripserant,</span> <span class='ocrx_word' id='word_1_36' title='bbox 503 1018 729 1114; x_wconf 84' lang='lat' dir='ltr'>acerbissima</span> <span class='ocrx_word' id='word_1_37' title='bbox 745 1019 980 1117; x_wconf 83' lang='lat' dir='ltr'>persolventes</span> <span class='ocrx_word' id='word_1_38' title='bbox 995 1014 1176 1117; x_wconf 79' lang='lat' dir='ltr'>supplicia.</span> <span class='ocrx_word' id='word_1_39' title='bbox 1193 1019 1317 1127; x_wconf 22' lang='lat' dir='ltr'>Haece,</span> 
     </span>
     <span class='ocr_line' id='line_1_8' title="bbox 209 1127 1335 1241; baseline 0.002 -26"><span class='ocrx_word' id='word_1_40' title='bbox 209 1142 331 1215; x_wconf 90' lang='lat' dir='ltr'>eadem</span> <span class='ocrx_word' id='word_1_41' title='bbox 356 1141 537 1237; x_wconf 87' lang='lat' dir='ltr'>multaque</span> <span class='ocrx_word' id='word_1_42' title='bbox 566 1127 816 1241; x_wconf 34' lang='lat' dir='ltr'>aliaesumma</span> <span class='ocrx_word' id='word_1_43' title='bbox 845 1165 927 1217; x_wconf 89' lang='lat' dir='ltr'>cum</span> <span class='ocrx_word' id='word_1_44' title='bbox 954 1143 1120 1238; x_wconf 87' lang='lat' dir='ltr'>gravitate</span> <span class='ocrx_word' id='word_1_45' title='bbox 1146 1153 1181 1217; x_wconf 87' lang='lat' dir='ltr'>et</span> <span class='ocrx_word' id='word_1_46' title='bbox 1205 1128 1335 1217; x_wconf 48' lang='lat' dir='ltr'>0103st</span> 
     </span>
     <span class='ocr_line' id='line_1_9' title="bbox 209 1259 1386 1367; baseline 0.003 -31"><span class='ocrx_word' id='word_1_47' title='bbox 209 1263 371 1360; x_wconf 84' lang='lat' dir='ltr'>quentia,</span> <span class='ocrx_word' id='word_1_48' title='bbox 387 1263 487 1337; x_wconf 80' lang='lat' dir='ltr'>Plato</span> <span class='ocrx_word' id='word_1_49' title='bbox 506 1259 659 1340; x_wconf 82' lang='lat' dir='ltr'>Homero</span> <span class='ocrx_word' id='word_1_50' title='bbox 670 1265 885 1363; x_wconf 76' lang='lat' dir='ltr'>objiciebat,</span> <span class='ocrx_word' id='word_1_51' title='bbox 902 1275 979 1339; x_wconf 91' lang='lat' dir='ltr'>tum</span> <span class='ocrx_word' id='word_1_52' title='bbox 1005 1266 1155 1339; x_wconf 85' lang='lat' dir='ltr'>maxime</span> <span class='ocrx_word' id='word_1_53' title='bbox 1181 1265 1276 1362; x_wconf 91' lang='lat' dir='ltr'>quod</span> <span class='ocrx_word' id='word_1_54' title='bbox 1354 1360 1358 1367; x_wconf 25' lang='grc' dir='ltr'>Ι</span> <span class='ocrx_word' id='word_1_55' title='bbox 1383 1360 1386 1367; x_wconf 68' lang='lat'>,</span> 
     </span>
     <span class='ocr_line' id='line_1_10' title="bbox 209 1378 1378 1483; baseline 0.003 -25"><span class='ocrx_word' id='word_1_56' title='bbox 209 1407 272 1459; x_wconf 90' lang='lat' dir='ltr'>res·</span> <span class='ocrx_word' id='word_1_57' title='bbox 286 1385 403 1483; x_wconf 80' lang='lat' dir='ltr'>hujus,</span> <span class='ocrx_word' id='word_1_58' title='bbox 418 1386 541 1459; x_wconf 94' lang='lat' dir='ltr'>mundi</span> <span class='ocrx_word' id='word_1_59' title='bbox 564 1385 769 1461; x_wconf 80' lang='lat' dir='ltr'>imitabatur</span> <span class='ocrx_word' id='word_1_60' title='bbox 794 1387 839 1461; x_wconf 92' lang='lat' dir='ltr'>ad</span> <span class='ocrx_word' id='word_1_61' title='bbox 855 1387 1016 1462; x_wconf 89' lang='lat' dir='ltr'>idearum</span> <span class='ocrx_word' id='word_1_62' title='bbox 1042 1387 1275 1461; x_wconf 87' lang='lat' dir='ltr'>imitationem</span> <span class='ocrx_word' id='word_1_63' title='bbox 1373 1378 1378 1385; x_wconf 61' lang='grc'><em>“</em></span> 
     </span>
     <span class='ocr_line' id='line_1_11' title="bbox 205 1510 1275 1611; baseline 0.005 -28"><span class='ocrx_word' id='word_1_64' title='bbox 205 1510 280 1607; x_wconf 89' lang='lat' dir='ltr'>jam</span> <span class='ocrx_word' id='word_1_65' title='bbox 298 1510 447 1602; x_wconf 80' lang='lat' dir='ltr'>effictas,</span> <span class='ocrx_word' id='word_1_66' title='bbox 467 1511 512 1585; x_wconf 86' lang='lat' dir='ltr'>ita</span> <span class='ocrx_word' id='word_1_67' title='bbox 531 1521 570 1585; x_wconf 93' lang='lat' dir='ltr'>ut</span> <span class='ocrx_word' id='word_1_68' title='bbox 585 1512 711 1586; x_wconf 88' lang='lat' dir='ltr'>divinis</span> <span class='ocrx_word' id='word_1_69' title='bbox 738 1511 781 1587; x_wconf 91' lang='lat' dir='ltr'>ab</span> <span class='ocrx_word' id='word_1_70' title='bbox 805 1512 874 1587; x_wconf 92' lang='lat' dir='ltr'>illis</span> <span class='ocrx_word' id='word_1_71' title='bbox 892 1513 1149 1611; x_wconf 85' lang='lat' dir='ltr'>exemplaribus</span> <span class='ocrx_word' id='word_1_72' title='bbox 1168 1537 1275 1610; x_wconf 88' lang='lat' dir='ltr'>quam</span> 
     </span>
     <span class='ocr_line' id='line_1_12' title="bbox 208 1632 1278 1733; baseline 0.005 -27"><span class='ocrx_word' id='word_1_73' title='bbox 208 1632 411 1729; x_wconf 87' lang='lat' dir='ltr'>longissime</span> <span class='ocrx_word' id='word_1_74' title='bbox 429 1634 505 1730; x_wconf 83' lang='lat' dir='ltr'>ejus</span> <span class='ocrx_word' id='word_1_75' title='bbox 531 1656 635 1732; x_wconf 89' lang='lat' dir='ltr'>opera</span> <span class='ocrx_word' id='word_1_76' title='bbox 658 1635 835 1726; x_wconf 80' lang='lat' dir='ltr'>abessent,</span> <span class='ocrx_word' id='word_1_77' title='bbox 857 1645 933 1710; x_wconf 90' lang='lat' dir='ltr'>tum</span> <span class='ocrx_word' id='word_1_78' title='bbox 951 1636 1046 1733; x_wconf 90' lang='lat' dir='ltr'>quod</span> <span class='ocrx_word' id='word_1_79' title='bbox 1064 1638 1182 1711; x_wconf 87' lang='lat' dir='ltr'>omnia</span> <span class='ocrx_word' id='word_1_80' title='bbox 1209 1639 1278 1711; x_wconf 92' lang='lat' dir='ltr'>hu·</span> 
     </span>
     <span class='ocr_line' id='line_1_13' title="bbox 209 1757 1277 1857; baseline 0.003 -27"><span class='ocrx_word' id='word_1_81' title='bbox 209 1779 313 1830; x_wconf 91' lang='lat' dir='ltr'>mana</span> <span class='ocrx_word' id='word_1_82' title='bbox 338 1757 521 1855; x_wconf 82' lang='lat' dir='ltr'>divinaque</span> <span class='ocrx_word' id='word_1_83' title='bbox 539 1759 942 1857; x_wconf 52' lang='lat' dir='ltr'>miscebatreunctaqne</span> <span class='ocrx_word' id='word_1_84' title='bbox 956 1760 1159 1834; x_wconf 88' lang='lat' dir='ltr'>mortalium</span> <span class='ocrx_word' id='word_1_85' title='bbox 1180 1762 1277 1856; x_wconf 85' lang='lat' dir='ltr'>flagi-</span> 
     </span>
     <span class='ocr_line' id='line_1_14' title="bbox 207 1879 1274 1980; baseline 0.005 -29"><span class='ocrx_word' id='word_1_86' title='bbox 207 1879 255 1952; x_wconf 90' lang='lat' dir='ltr'>tia</span> <span class='ocrx_word' id='word_1_87' title='bbox 273 1889 307 1953; x_wconf 90' lang='lat' dir='ltr'>et</span> <span class='ocrx_word' id='word_1_88' title='bbox 323 1879 475 1955; x_wconf 82' lang='lat' dir='ltr'>facinora</span> <span class='ocrx_word' id='word_1_89' title='bbox 495 1881 651 1954; x_wconf 91' lang='lat' dir='ltr'>numinis</span> <span class='ocrx_word' id='word_1_90' title='bbox 669 1882 818 1979; x_wconf 84' lang='lat' dir='ltr'>alicujus</span> <span class='ocrx_word' id='word_1_91' title='bbox 838 1882 1044 1956; x_wconf 89' lang='lat' dir='ltr'>anctoritate</span> <span class='ocrx_word' id='word_1_92' title='bbox 1066 1892 1100 1956; x_wconf 91' lang='lat' dir='ltr'>et</span> <span class='ocrx_word' id='word_1_93' title='bbox 1117 1883 1274 1980; x_wconf 88' lang='lat' dir='ltr'>exemplo</span> 
     </span>
     <span class='ocr_line' id='line_1_15' title="bbox 209 2001 1277 2100; baseline 0.001 -27"><span class='ocrx_word' id='word_1_94' title='bbox 209 2001 451 2076; x_wconf 84' lang='lat' dir='ltr'>confirmabat.</span> <span class='ocrx_word' id='word_1_95' title='bbox 472 2001 564 2087; x_wconf 87' lang='lat' dir='ltr'>Quid</span> <span class='ocrx_word' id='word_1_96' title='bbox 582 2002 698 2076; x_wconf 90' lang='lat' dir='ltr'>dicam</span> <span class='ocrx_word' id='word_1_97' title='bbox 717 2002 760 2076; x_wconf 91' lang='lat' dir='ltr'>de</span> <span class='ocrx_word' id='word_1_98' title='bbox 778 2001 917 2076; x_wconf 93' lang='lat' dir='ltr'>duobus</span> <span class='ocrx_word' id='word_1_99' title='bbox 936 2001 1167 2100; x_wconf 83' lang='lat' dir='ltr'>scriptoribus</span> <span class='ocrx_word' id='word_1_100' title='bbox 1185 2002 1277 2075; x_wconf 90' lang='lat' dir='ltr'>inter</span> 
     </span>
     <span class='ocr_line' id='line_1_16' title="bbox 208 2120 1277 2219; baseline 0 -26"><span class='ocrx_word' id='word_1_101' title='bbox 208 2131 346 2194; x_wconf 88' lang='lat' dir='ltr'>nostros</span> <span class='ocrx_word' id='word_1_102' title='bbox 371 2120 608 2195; x_wconf 84' lang='lat' dir='ltr'>celeberrimis</span> <span class='ocrx_word' id='word_1_103' title='bbox 634 2121 829 2219; x_wconf 90' lang='lat' dir='ltr'>iisdemque</span> <span class='ocrx_word' id='word_1_104' title='bbox 857 2120 1074 2219; x_wconf 89' lang='lat' dir='ltr'>philosophis</span> <span class='ocrx_word' id='word_1_105' title='bbox 1109 2131 1277 2218; x_wconf 92' lang='lat' dir='ltr'>praestan-</span> 
     </span>
     <span class='ocr_line' id='line_1_17' title="bbox 208 2239 1275 2339; baseline 0.005 -27"><span class='ocrx_word' id='word_1_106' title='bbox 208 2239 369 2330; x_wconf 71' lang='lat' dir='ltr'>issimis,</span> <span class='ocrx_word' id='word_1_107' title='bbox 387 2240 569 2316; x_wconf 88' lang='lat' dir='ltr'>Bossuetio</span> <span class='ocrx_word' id='word_1_108' title='bbox 595 2240 729 2315; x_wconf 88' lang='lat' dir='ltr'>scilieet</span> <span class='ocrx_word' id='word_1_109' title='bbox 753 2251 788 2314; x_wconf 93' lang='lat' dir='ltr'>et</span> <span class='ocrx_word' id='word_1_110' title='bbox 811 2241 987 2332; x_wconf 89' lang='lat' dir='ltr'>Pascalio,</span> <span class='ocrx_word' id='word_1_111' title='bbox 1007 2264 1159 2339; x_wconf 89' lang='lat' dir='ltr'>quorum</span> <span class='ocrx_word' id='word_1_112' title='bbox 1182 2267 1275 2317; x_wconf 94' lang='lat' dir='ltr'>unus</span> 
     </span>
     <span class='ocr_line' id='line_1_18' title="bbox 208 2363 1274 2462; baseline 0.004 -27"><span class='ocrx_word' id='word_1_113' title='bbox 208 2363 326 2437; x_wconf 91' lang='lat' dir='ltr'>nescio</span> <span class='ocrx_word' id='word_1_114' title='bbox 342 2363 426 2460; x_wconf 91' lang='lat' dir='ltr'>quid</span> <span class='ocrx_word' id='word_1_115' title='bbox 445 2364 549 2439; x_wconf 88' lang='lat' dir='ltr'>inane</span> <span class='ocrx_word' id='word_1_116' title='bbox 564 2365 760 2461; x_wconf 91' lang='lat' dir='ltr'>reperiebat</span> <span class='ocrx_word' id='word_1_117' title='bbox 774 2364 809 2437; x_wconf 94' lang='lat' dir='ltr'>in</span> <span class='ocrx_word' id='word_1_118' title='bbox 828 2365 939 2462; x_wconf 90' lang='lat' dir='ltr'>poesi,</span> <span class='ocrx_word' id='word_1_119' title='bbox 956 2365 1043 2438; x_wconf 90' lang='lat' dir='ltr'>alter</span> <span class='ocrx_word' id='word_1_120' title='bbox 1061 2375 1178 2439; x_wconf 90' lang='lat' dir='ltr'>autem</span> <span class='ocrx_word' id='word_1_121' title='bbox 1198 2388 1274 2439; x_wconf 87' lang='lat' dir='ltr'>eam</span> 
     </span>
     <span class='ocr_line' id='line_1_19' title="bbox 208 2484 1275 2576; baseline 0.005 -18"><span class='ocrx_word' id='word_1_122' title='bbox 208 2484 407 2561; x_wconf 89' lang='lat' dir='ltr'>definiendo</span> <span class='ocrx_word' id='word_1_123' title='bbox 427 2487 627 2562; x_wconf 85' lang='lat' dir='ltr'>declarabat</span> <span class='ocrx_word' id='word_1_124' title='bbox 644 2489 786 2562; x_wconf 88' lang='lat' dir='ltr'>inanem</span> <span class='ocrx_word' id='word_1_125' title='bbox 805 2510 880 2562; x_wconf 88' lang='lat' dir='ltr'>esse</span> <span class='ocrx_word' id='word_1_126' title='bbox 897 2488 1085 2564; x_wconf 88' lang='lat' dir='ltr'>verborum</span> <span class='ocrx_word' id='word_1_127' title='bbox 1103 2489 1275 2576; x_wconf 91' lang='lat' dir='ltr'>sonitum,</span> 
     </span>
    </p>
   </div>
   <div class='ocr_carea' id='block_1_2' title="bbox 208 2611 986 2707">
    <p class='ocr_par' dir='ltr' id='par_1_3' title="bbox 208 2611 986 2707">
     <span class='ocr_line' id='line_1_20' title="bbox 208 2611 986 2707; baseline 0.001 -24"><span class='ocrx_word' id='word_1_128' title='bbox 208 2632 315 2707; x_wconf 91' lang='lat' dir='ltr'>quem</span> <span class='ocrx_word' id='word_1_129' title='bbox 333 2611 454 2687; x_wconf 89' lang='lat' dir='ltr'>mirari</span> <span class='ocrx_word' id='word_1_130' title='bbox 469 2611 673 2688; x_wconf 92' lang='lat' dir='ltr'>hominibus</span> <span class='ocrx_word' id='word_1_131' title='bbox 691 2611 831 2686; x_wconf 90' lang='lat' dir='ltr'>libitum</span> <span class='ocrx_word' id='word_1_132' title='bbox 848 2612 986 2687; x_wconf 86' lang='lat' dir='ltr'>luerat?</span> 
     </span>
    </p>
   </div>
   <div class='ocr_carea' id='block_1_3' title="bbox 326 2990 1154 3221">
    <p class='ocr_par' dir='ltr' id='par_1_4' title="bbox 326 2990 1154 3221">
     <span class='ocr_line' id='line_1_21' title="bbox 633 2990 848 3067; baseline -0.009 -1"><span class='ocrx_word' id='word_1_133' title='bbox 633 2991 779 3067; x_wconf 78' lang='lat' dir='ltr'>CAPUT</span> <span class='ocrx_word' id='word_1_134' title='bbox 805 2990 848 3065; x_wconf 92' lang='grc' dir='ltr'>ΙΙ.</span> 
     </span>
     <span class='ocr_line' id='line_1_22' title="bbox 326 3154 1154 3221; baseline -0.001 -11"><span class='ocrx_word' id='word_1_135' title='bbox 326 3157 363 3211; x_wconf 88' lang='lat' dir='ltr'>m</span> <span class='ocrx_word' id='word_1_136' title='bbox 380 3156 451 3221; x_wconf 86' lang='lat' dir='ltr'>ouo</span> <span class='ocrx_word' id='word_1_137' title='bbox 468 3156 589 3213; x_wconf 79' lang='lat' dir='ltr'>eonsrs</span> <span class='ocrx_word' id='word_1_138' title='bbox 606 3157 650 3211; x_wconf 83' lang='lat' dir='ltr'>nr</span> <span class='ocrx_word' id='word_1_139' title='bbox 665 3155 904 3212; x_wconf 81' lang='lat' dir='ltr'>aurnosorum</span> <span class='ocrx_word' id='word_1_140' title='bbox 922 3154 1154 3215; x_wconf 75' lang='lat' dir='ltr'>couveniens.</span> 
     </span>
    </p>
   </div>
   <div class='ocr_carea' id='block_1_4' title="bbox 154 3336 1274 4305">
    <p class='ocr_par' dir='ltr' id='par_1_5' title="bbox 154 3336 1274 4305">
     <span class='ocr_line' id='line_1_23' title="bbox 256 3336 1272 3448; baseline -0.004 -23"><span class='ocrx_word' id='word_1_141' title='bbox 256 3350 419 3440; x_wconf 84' lang='lat' dir='ltr'>Quamvis</span> <span class='ocrx_word' id='word_1_142' title='bbox 434 3350 521 3424; x_wconf 92' lang='lat' dir='ltr'>nihil</span> <span class='ocrx_word' id='word_1_143' title='bbox 534 3351 630 3448; x_wconf 91' lang='lat' dir='ltr'>poesi</span> <span class='ocrx_word' id='word_1_144' title='bbox 645 3361 717 3426; x_wconf 88' lang='lat' dir='ltr'>tarn</span> <span class='ocrx_word' id='word_1_145' title='bbox 732 3350 917 3426; x_wconf 87' lang='lat' dir='ltr'>inimicum</span> <span class='ocrx_word' id='word_1_146' title='bbox 931 3336 1038 3448; x_wconf 72' lang='lat' dir='ltr'>qua&#39;m</span> <span class='ocrx_word' id='word_1_147' title='bbox 1050 3348 1272 3447; x_wconf 88' lang='lat' dir='ltr'>philosophia</span> 
     </span>
     <span class='ocr_line' id='line_1_24' title="bbox 207 3473 1270 3573; baseline 0.003 -30"><span class='ocrx_word' id='word_1_148' title='bbox 207 3473 381 3564; x_wconf 88' lang='lat' dir='ltr'>videatur,</span> <span class='ocrx_word' id='word_1_149' title='bbox 399 3497 443 3548; x_wconf 90' lang='lat' dir='ltr'>ne</span> <span class='ocrx_word' id='word_1_150' title='bbox 461 3475 646 3549; x_wconf 85' lang='lat' dir='ltr'>credamus</span> <span class='ocrx_word' id='word_1_151' title='bbox 664 3485 781 3549; x_wconf 87' lang='lat' dir='ltr'>tamen</span> <span class='ocrx_word' id='word_1_152' title='bbox 801 3477 891 3549; x_wconf 92' lang='lat' dir='ltr'>inter</span> <span class='ocrx_word' id='word_1_153' title='bbox 909 3497 965 3548; x_wconf 89' lang='lat' dir='ltr'>eas</span> <span class='ocrx_word' id='word_1_154' title='bbox 983 3474 1144 3573; x_wconf 89' lang='lat' dir='ltr'>capitalia</span> <span class='ocrx_word' id='word_1_155' title='bbox 1162 3473 1270 3546; x_wconf 85' lang='lat' dir='ltr'>exsis-</span> 
     </span>
     <span class='ocr_line' id='line_1_25' title="bbox 206 3592 1272 3693; baseline -0.003 -26"><span class='ocrx_word' id='word_1_156' title='bbox 206 3606 280 3668; x_wconf 88' lang='lat' dir='ltr'>tere</span> <span class='ocrx_word' id='word_1_157' title='bbox 297 3595 393 3684; x_wconf 89' lang='lat' dir='ltr'>odia,</span> <span class='ocrx_word' id='word_1_158' title='bbox 412 3617 490 3691; x_wconf 90' lang='lat' dir='ltr'>quae</span> <span class='ocrx_word' id='word_1_159' title='bbox 507 3619 691 3693; x_wconf 90' lang='lat' dir='ltr'>nunquam</span> <span class='ocrx_word' id='word_1_160' title='bbox 717 3595 889 3692; x_wconf 83' lang='lat' dir='ltr'>exstingui</span> <span class='ocrx_word' id='word_1_161' title='bbox 914 3604 975 3668; x_wconf 85' lang='lat' dir='ltr'>aut</span> <span class='ocrx_word' id='word_1_162' title='bbox 992 3592 1106 3667; x_wconf 88' lang='lat' dir='ltr'>sedari</span> <span class='ocrx_word' id='word_1_163' title='bbox 1123 3593 1272 3690; x_wconf 89' lang='lat' dir='ltr'>possint.</span> 
     </span>
     <span class='ocr_line' id='line_1_26' title="bbox 206 3706 1274 3813; baseline -0.003 -25"><span class='ocrx_word' id='word_1_164' title='bbox 206 3715 366 3812; x_wconf 88' lang='lat' dir='ltr'>Persaepe</span> <span class='ocrx_word' id='word_1_165' title='bbox 385 3706 520 3789; x_wconf 87' lang='lat' dir='ltr'>dietum</span> <span class='ocrx_word' id='word_1_166' title='bbox 542 3725 594 3790; x_wconf 91' lang='lat' dir='ltr'>est</span> <span class='ocrx_word' id='word_1_167' title='bbox 617 3739 636 3789; x_wconf 92' lang='lat' dir='ltr'>a</span> <span class='ocrx_word' id='word_1_168' title='bbox 659 3715 833 3791; x_wconf 90' lang='lat' dir='ltr'>veteribus</span> <span class='ocrx_word' id='word_1_169' title='bbox 860 3713 1098 3813; x_wconf 85' lang='lat' dir='ltr'>philosophis,</span> <span class='ocrx_word' id='word_1_170' title='bbox 1125 3735 1189 3786; x_wconf 90' lang='lat' dir='ltr'>nec</span> <span class='ocrx_word' id='word_1_171' title='bbox 1213 3712 1274 3785; x_wconf 91' lang='lat' dir='ltr'>de-</span> 
     </span>
     <span class='ocr_line' id='line_1_27' title="bbox 206 3826 1272 3938; baseline -0.002 -27"><span class='ocrx_word' id='word_1_172' title='bbox 206 3840 303 3913; x_wconf 88' lang='lat' dir='ltr'>luere</span> <span class='ocrx_word' id='word_1_173' title='bbox 321 3850 477 3933; x_wconf 86' lang='lat' dir='ltr'>recentes</span> <span class='ocrx_word' id='word_1_174' title='bbox 499 3839 559 3935; x_wconf 90' lang='lat' dir='ltr'>qui</span> <span class='ocrx_word' id='word_1_175' title='bbox 578 3842 671 3914; x_wconf 91' lang='lat' dir='ltr'>hanc</span> <span class='ocrx_word' id='word_1_176' title='bbox 690 3863 828 3938; x_wconf 89' lang='lat' dir='ltr'>quoque</span> <span class='ocrx_word' id='word_1_177' title='bbox 855 3826 1103 3938; x_wconf 85' lang='lat' dir='ltr'>profiterentur</span> <span class='ocrx_word' id='word_1_178' title='bbox 1128 3845 1272 3910; x_wconf 89' lang='lat' dir='ltr'>senten-</span> 
     </span>
     <span class='ocr_line' id='line_1_28' title="bbox 208 3961 1273 4062; baseline 0.002 -28"><span class='ocrx_word' id='word_1_179' title='bbox 208 3962 309 4052; x_wconf 85' lang='lat' dir='ltr'>tiam,</span> <span class='ocrx_word' id='word_1_180' title='bbox 325 3985 395 4036; x_wconf 92' lang='lat' dir='ltr'>non</span> <span class='ocrx_word' id='word_1_181' title='bbox 415 3964 607 4060; x_wconf 90' lang='lat' dir='ltr'>quidquam</span> <span class='ocrx_word' id='word_1_182' title='bbox 631 3964 823 4062; x_wconf 86' lang='lat' dir='ltr'>pulchrum</span> <span class='ocrx_word' id='word_1_183' title='bbox 841 3986 933 4052; x_wconf 87' lang='lat' dir='ltr'>esse,</span> <span class='ocrx_word' id='word_1_184' title='bbox 953 3962 1020 4036; x_wconf 92' lang='lat' dir='ltr'>nisi</span> <span class='ocrx_word' id='word_1_185' title='bbox 1044 3962 1137 4035; x_wconf 91' lang='lat' dir='ltr'>idem</span> <span class='ocrx_word' id='word_1_186' title='bbox 1159 3961 1204 4034; x_wconf 92' lang='lat' dir='ltr'>sit</span> <span class='ocrx_word' id='word_1_187' title='bbox 1219 3985 1273 4036; x_wconf 91' lang='lat' dir='ltr'>ve-</span> 
     </span>
     <span class='ocr_line' id='line_1_29' title="bbox 154 4084 1271 4182; baseline 0.002 -26"><span class='ocrx_word' id='word_1_188' title='bbox 154 4109 158 4120; x_wconf 91' lang='lat'>·</span> <span class='ocrx_word' id='word_1_189' title='bbox 208 4107 299 4157; x_wconf 93' lang='lat' dir='ltr'>rum.</span> <span class='ocrx_word' id='word_1_190' title='bbox 320 4084 417 4169; x_wconf 85' lang='lat' dir='ltr'>Quod</span> <span class='ocrx_word' id='word_1_191' title='bbox 445 4087 621 4181; x_wconf 82' lang='lat' dir='ltr'>quomodo</span> <span class='ocrx_word' id='word_1_192' title='bbox 637 4087 716 4182; x_wconf 86' lang='lat' dir='ltr'>jure</span> <span class='ocrx_word' id='word_1_193' title='bbox 735 4085 803 4159; x_wconf 88' lang='lat' dir='ltr'>diei</span> <span class='ocrx_word' id='word_1_194' title='bbox 824 4098 882 4159; x_wconf 88' lang='lat' dir='ltr'>aut</span> <span class='ocrx_word' id='word_1_195' title='bbox 908 4085 1049 4181; x_wconf 83' lang='lat' dir='ltr'>cogitari</span> <span class='ocrx_word' id='word_1_196' title='bbox 1077 4094 1180 4180; x_wconf 88' lang='lat' dir='ltr'>queat</span> <span class='ocrx_word' id='word_1_197' title='bbox 1203 4107 1271 4158; x_wconf 92' lang='lat' dir='ltr'>non</span> 
     </span>
     <span class='ocr_line' id='line_1_30' title="bbox 208 4207 1271 4305; baseline 0 -26"><span class='ocrx_word' id='word_1_198' title='bbox 208 4207 324 4291; x_wconf 90' lang='lat' dir='ltr'>vide0‚</span> <span class='ocrx_word' id='word_1_199' title='bbox 342 4209 369 4281; x_wconf 92' lang='lat' dir='ltr'>si</span> <span class='ocrx_word' id='word_1_200' title='bbox 400 4219 491 4282; x_wconf 87' lang='lat' dir='ltr'>tanta</span> <span class='ocrx_word' id='word_1_201' title='bbox 519 4209 563 4282; x_wconf 89' lang='lat' dir='ltr'>sit</span> <span class='ocrx_word' id='word_1_202' title='bbox 586 4218 714 4304; x_wconf 88' lang='lat' dir='ltr'>quanta</span> <span class='ocrx_word' id='word_1_203' title='bbox 741 4210 842 4303; x_wconf 84' lang='lat' dir='ltr'>vulgo</span> <span class='ocrx_word' id='word_1_204' title='bbox 870 4209 1025 4281; x_wconf 85' lang='lat' dir='ltr'>creditur</span> <span class='ocrx_word' id='word_1_205' title='bbox 1043 4208 1271 4305; x_wconf 86' lang='lat' dir='ltr'>repugnantia</span> 
     </span>
    </p>
   </div>
   <div class='ocr_carea' id='block_1_5' title="bbox 0 0 1490 5190">
    <p class='ocr_par' dir='ltr' id='par_1_6' title="bbox 0 0 1490 5190">
     <span class='ocr_line' id='line_1_31' title="bbox 0 0 1490 5190; baseline 0 0"><span class='ocrx_word' id='word_1_206' title='bbox 0 0 1490 5190; x_wconf 95' lang='lat' dir='ltr'> </span> 
     </span>
    </p>
   </div>
  </div>
 </body>
</html>
