2970 5190
601 322 609 329 .
645 272 714 341 4.ss
806 268 840 369 ἶ,

206 637 271 725 cit,
288 635 406 710 ludere
420 636 538 724 vellet,
554 633 670 708 nescio
687 656 730 706 an
746 633 905 706 latiorem
921 633 1065 707 liaberet
1080 657 1276 734 campum,

204 761 241 836 in
260 785 329 858 quo
348 762 529 860 ingenium
547 770 663 859 posset
685 757 865 833 exsultare.
885 757 987 842 Quod
1012 758 1100 831 mibi
1121 760 1274 834 venitin

204 892 378 972 mentem,
395 881 674 957 illustrissimum
691 879 783 953 inter
800 888 938 953 nostros
960 878 1168 978 scriptores,
1182 880 1274 972 Pas·
1305 972 1307 976 Ι
1368 969 1371 979 1

205 1006 336 1082 calium
351 1005 580 1105 pervolventi,
598 1014 634 1079 et
649 1026 731 1078 eum
749 1002 863 1101 operis
877 1002 994 1076 locum
1010 1001 1197 1099 relegenti,
1209 999 1273 1077 ubi

204 1151 331 1227 regum
349 1127 532 1218 satelliteS,
546 1126 739 1200 imitatione
762 1125 871 1199 nimia
890 1135 925 1199 et
945 1125 987 1200 ad
1011 1125 1205 1201 movendos
1222 1125 1274 1202 le-

205 1251 365 1348 gentium
383 1249 474 1324 risus
493 1259 592 1346 apta,
609 1245 780 1345 depingit,
795 1244 883 1319 facie
897 1244 1095 1321 rubicunda
1113 1256 1147 1320 et
1162 1247 1274 1321 armis

204 1373 405 1450 minacibus
421 1372 639 1459 incedentes,
657 1368 899 1468 populumque
916 1368 1017 1458 lacit,
1031 1390 1130 1444 sacra
1147 1368 1272 1444 imbu-

205 1507 281 1572 tum
300 1494 506 1585 formidine,
521 1494 755 1593 stupentem¹.
773 1491 906 1567 Eadem
919 1513 1026 1591 prope
1040 1490 1274 1567 dissimilibus

203 1618 318 1696 verbis
335 1618 504 1717 expressit
523 1626 646 1691 auctor
662 1639 734 1690 non
751 1615 935 1705 sordidus,
954 1614 1013 1711 qui
1038 1637 1153 1712 nuper
1171 1614 1273 1688 vixit:

207 1741 428 1831 «Infantem,
453 1739 583 1838 inquit,
605 1737 676 1813 vidi
700 1738 895 1835 vagientem
917 1747 951 1813 et
974 1736 1197 1829 salivantem,
1225 1760 1276 1814 se·

206 1887 339 1962 nesque
357 1862 543 1940 dominum
560 1884 643 1937 eum
657 1861 871 1960 appellantes
884 1863 941 1935 ².»

253 1985 330 2064 Alio
348 1987 384 2061 in
404 1987 481 2063 loco
505 1985 707 2075 Pascalius,
734 1996 851 2061 amoto
879 1984 979 2073 ludo,
1000 1983 1182 2060 contendit
1205 1985 1273 2061 ho·

205 2109 294 2187 mini
312 2109 515 2185 doctissimo
538 2119 573 2184 et
597 2109 729 2207 optimo
755 2131 861 2183 suum
888 2130 964 2183 esse
982 2130 1148 2206 regnum,
1165 2107 1275 2207 idque

205 2230 303 2308 omni
318 2229 472 2306 terrestri
487 2251 594 2327 regno
609 2228 831 2329 praestantius
843 2240 878 2304 et
890 2229 986 2328 quod
999 2228 1098 2305 nulla
1111 2250 1273 2326 unquam

205 2356 357 2454 vulgaris
375 2355 563 2455 cujuslibet
574 2355 713 2454 imperii
727 2353 924 2451 adaequabit
935 2354 1097 2454 majestas
1109 2356 1134 2428 ³.
1150 2354 1273 2453 ltaque

205 2475 249 2552 ad
279 2472 513 2567 Christin'am,
543 2475 738 2551 Succorum
769 2475 943 2572 reginam,
975 2497 1055 2549 cum
1085 2474 1272 2566 scriberet,
1316 2508 1318 2512 ·

205 2617 282 2672 eam
301 2617 372 2671 non
390 2617 491 2671 secus
506 2617 548 2671 ac
563 2617 627 2694 par
644 2617 767 2693 parem
784 2594 959 2670 allocutus
973 2604 1043 2686 est,
1061 2603 1101 2670 ut
1118 2593 1179 2692 qui
1197 2615 1271 2668 non

203 2719 322 2797 minus
337 2741 445 2818 quam
468 2719 691 2815 caecumine
708 2718 853 2811 valeret,
873 2729 908 2795 et
933 2741 1012 2796 cam
1028 2717 1141 2796 multo
1158 2718 1272 2818 majo-

243 2988 339 3052 ¹vces
362 2997 475 3064 trognes
494 2991 601 3050 armees
613 2991 661 3063 oui
681 2990 759 3048 n'ont
778 2989 813 3049 de
833 2990 922 3049 mains
941 2993 970 3048 et
984 2989 1019 3048 de
1032 2988 1109 3048 force
1127 3003 1181 3062 oue
1200 3003 1274 3062 pour

203 3094 268 3158 eux,
288 3087 331 3144 les
346 3090 509 3157 trompettes
523 3091 552 3143 et
570 3086 612 3144 les
625 3085 768 3143 tambours
782 3085 829 3156 qni
842 3083 984 3142 marchent
1002 3099 1037 3142 au
1050 3083 1162 3156 devant,
1177 3089 1205 3141 ct
1224 3098 1273 3142 ces

202 3180 311 3254 legions
324 3183 370 3254 qui
383 3183 425 3239 les
436 3182 619 3240 environnent
630 3181 691 3239 iont
709 3182 841 3240 trembler
852 3181 894 3238 les
908 3182 973 3253 plus
985 3180 1095 3239 termes.
1114 3182 1137 3239 ll
1151 3181 1274 3239 faudrait

202 3276 280 3333 avoir
293 3291 347 3334 une
359 3276 453 3334 raison
469 3276 533 3334 bien
546 3276 647 3349 oporte
663 3290 734 3349 pour
750 3277 880 3349 regarder
893 3283 998 3335 comme
1013 3292 1050 3334 un
1063 3281 1142 3335 autre
1162 3277 1272 3336 homme

203 3365 231 3432 le
245 3373 337 3433 Grand
352 3374 485 3445 seigneur
498 3371 662 3447 environnb,
677 3374 747 3433 dans
765 3382 815 3432 son
830 3375 948 3446 superbe
967 3373 1067 3446 strail,
1083 3374 1118 3434 de
1136 3379 1273 3446 quaranta

202 3469 277 3527 mille
288 3468 484 3526 lanissaires.n
500 3467 616 3542 (Pascal.
633 3473 709 3527 Pena.
724 3457 796 3526 E'dit.
811 3471 910 3540 flavet,
924 3483 951 3541 p.
964 3467 1020 3540 ³5.)

238 3561 433 3621 2Lamennais.
769 3559 772 3565 '
1044 3636 1046 3640 μ

239 3659 251 3700 ³
265 3660 307 3719 vll
321 3677 368 3735 pa
386 3661 456 3719 dans
469 3676 501 3718 ce
517 3660 616 3718 monde
633 3661 705 3719 deux
724 3665 816 3718 sortes
829 3656 862 3718 de
875 3659 1044 3732 grandeurs3
1062 3672 1111 3716 car
1122 3657 1141 3715 il
1155 3672 1201 3731 ya
1220 3659 1273 3717 des

203 3755 357 3828 grandeurs
378 3753 614 3813 d'dtablissement
638 3760 664 3811 et
690 3754 739 3812 des
762 3754 915 3826 grandcurs
938 3744 1117 3810 naturelles.rv
1145 3751 1271 3824 (Pascal,

203 3863 230 3920 p.
245 3848 320 3921 LIV.)

150 3958 154 3966 ·
242 3949 334 4005 vTout
347 3947 440 4005 l'dolat
458 3946 507 4006 des
520 3946 674 4018 grandeurs
688 3948 732 4004 n’a
750 3948 829 4018 point
843 3947 877 4005 de
890 3944 978 4005 lustro
995 3958 1066 4017 pour
1079 3944 1120 4001 les
1137 3957 1209 4015 gens
1223 3946 1273 4015 qui

205 4047 269 4099 sont
281 4042 351 4099 dans
363 4043 404 4099 les
416 4041 581 4100 recherches
591 4042 624 4100 de
635 4042 750 4114 l’esprit.
764 4044 801 4100 La
810 4043 948 4114 grandeur
959 4041 1009 4099 des
1018 4054 1088 4112 gens
1100 4040 1217 4111 d’esprit
1227 4044 1274 4098 est

82 4214 83 4218 Ἰ
203 4137 329 4196 invisible
343 4153 395 4196 aux
409 4139 482 4210 rois,
497 4153 551 4198 auu
563 4140 668 4212 ricbcs,
689 4153 743 4197 aun
755 4139 952 4212 capitaines,a
971 4144 1036 4196 tous
1054 4153 1102 4198 ees
1118 4136 1224 4209 grands
1236 4137 1272 4194 de

204 4233 311 4293 chaino
332 4233 398 4307 (td,
411 4247 438 4308 p.
449 4235 525 4301 itt.)
