2970 5190
767 450 816 600 la

660 886 806 962 CAPUT
830 886 916 963 XlV.

390 1069 437 1124 na
454 1068 610 1126 nomam
627 1069 761 1126 macco
779 1069 977 1127 sromouuu
993 1068 1187 1128 mscuuuo.

307 1294 451 1370 Horatio
478 1293 606 1373 Flacco
639 1295 725 1371 adeo
753 1295 922 1385 liberum,
955 1294 1119 1385 amabile,
1148 1305 1255 1393 atque
1282 1295 1327 1370 ad

258 1414 376 1488 omnia
401 1415 559 1491 versatile
584 1415 650 1490 luit
676 1414 874 1513 ingenium,
899 1425 939 1488 ut
961 1415 1014 1488 vix
1039 1437 1256 1512 quemquam
1268 1440 1328 1491 re
1386 1467 1389 1474 ·

257 1536 371 1633 perias
401 1537 463 1634 qui
486 1560 568 1613 eum
597 1561 709 1613 unum
739 1560 758 1612 e
787 1537 884 1611 duris
910 1536 1058 1613 Zenonis
1089 1537 1324 1613 sectatoribus

257 1661 387 1736 habere
413 1672 448 1736 et
470 1663 627 1759 angustis
654 1663 779 1737 domus
809 1684 932 1737 eorum
956 1661 1146 1760 parietibus
1169 1661 1325 1737 circum·

257 1783 411 1859 scribere
443 1784 579 1859 audeat.
610 1784 701 1859 Rara
733 1784 876 1859 limatus
904 1783 1121 1874 urbanitate,
1151 1784 1324 1881 exquisito

256 1906 423 2003 praeditus
437 1890 592 2005 Judicio,
611 1929 726 2005 neque
752 1928 772 1980 a
799 1905 981 1981 communi
1004 1903 1189 1980 hominum
1216 1928 1324 1982 sensu

255 2051 415 2125 unquam
438 2029 624 2120 recedenS,
642 2029 700 2104 ille
727 2040 829 2128 poeta
857 2050 927 2103 non
955 2028 985 2102 is
1009 2036 1083 2104 erat
1108 2027 1169 2126 qui
1194 2027 1324 2126 placita

257 2152 418 2248 quaedam
437 2153 575 2249 insolita
593 2163 627 2228 et
651 2154 769 2230 nescio
794 2174 902 2252 quam
923 2153 1138 2228 rusticanam
1156 2153 1325 2261 asperita-

256 2287 328 2351 tem
346 2278 508 2353 habentia
527 2279 771 2378 proiiterelur,
788 2278 907 2376 eisque
924 2276 1028 2353 unice
1046 2286 1081 2352 et
1097 2275 1325 2376 pertinaciter

258 2396 461 2473 adhaereret.
481 2396 573 2472 Hinc
589 2409 710 2474 contra
729 2409 832 2496 atque
855 2397 953 2474 illinc
971 2395 1113 2472 eximias
1130 2395 1324 2472 sententias
1384 2479 1387 2484 ⁴

258 2521 429 2619 excerpsit
445 2543 532 2619 quas
550 2522 717 2597 intexeret
741 2522 814 2597 suis
841 2519 1145 2611 carminibus,‘ita
1171 2529 1211 2594 ut
1235 2541 1325 2609 una·

256 2665 403 2741 quaeque
419 2643 709 2743 philosophorum
735 2642 865 2718 familia
892 2664 974 2718 eum
996 2643 1078 2740 jure
1105 2651 1140 2718 et
1165 2653 1272 2740 queat
1288 2651 1324 2719 et

256 2776 407 2864 nequeat
422 2787 486 2864 pro
505 2790 568 2842 suo
584 2767 773 2841 vindicare.

304 2889 408 2963 Nunc
425 2889 620 2986 Epicurum
636 2912 750 2964 uuum
775 2889 903 2965 ducem
926 2890 1025 2988 sequi
1042 2890 1194 2980 videtur,
1212 2888 1325 2963 nihil-

257 3036 325 3110 que
343 3037 466 3088 curare
493 3015 560 3088 nisi
579 3014 787 3104 Falernum,
807 3025 840 3088 et
857 3014 978 3089 dulces
1005 3015 1071 3090 sub
1096 3027 1237 3089 noctem
1261 3036 1324 3089 su-

257 3159 392 3227 surros,
410 3146 446 3211 et
467 3137 649 3236 Glyceram
673 3161 849 3213 marmore
866 3138 969 3212 Pario
991 3140 1114 3237 purius
1132 3138 1324 3237 splenden-

204 3326 206 3331 ,
257 3271 347 3350 tem;
378 3283 475 3337 nunc
509 3261 610 3336 illum
640 3263 761 3337 credas
790 3263 912 3338 eadem
944 3262 1073 3338 sentire
1104 3285 1181 3360 quae
1216 3261 1327 3336 sentit

255 3382 474 3475 Aristoteles,
502 3384 562 3483 qui
592 3386 628 3460 in
659 3386 809 3483 quadam
843 3386 1072 3484 temperantia
1099 3395 1133 3459 et
1160 3384 1326 3459 modera-

257 3507 350 3581 tione
366 3530 507 3583 omnem
530 3509 693 3584 virtutem
707 3510 856 3608 posuit¹.
882 3509 1080 3605 Aliquando
1097 3516 1215 3583 autem
1231 3508 1326 3582 inter

256 3629 342 3705 duas
371 3631 577 3707 distrahitur
605 3633 827 3708 sententiose.
860 3633 957 3731 Saepe
984 3632 1123 3706 tandem
1156 3630 1199 3704 de
1223 3631 1325 3706 vanis

255 3750 444 3849 hominum
470 3751 644 3841 consiliis,
672 3751 714 3826 de
745 3751 838 3826 curis
868 3752 996 3849 quibus
1026 3761 1252 3847 torquentur,
1277 3751 1323 3826 de

255 3882 368 3947 morte
395 3874 511 3947 omnia
540 3896 660 3948 secum
684 3873 862 3964 ablatura,
889 3897 929 3950 ea
950 3873 1210 3973 jucundissime
1238 3895 1324 3969 pro-

288 4178 296 4216 ¹
311 4180 388 4251 Hor,
402 4179 421 4237 l.
435 4181 461 4252 1,
474 4183 528 4253 Ep.
544 4185 573 4253 ·t;
588 4171 640 4253 Ep.
656 4185 682 4253 6,
695 4194 720 4237 v.
735 4184 778 4238 lb.

290 4269 472 4345 ⁹Iduumlip.
486 4278 511 4344 l,
525 4286 550 4329 v.
565 4278 608 4330 to.
