2970 5190
865 500 936 573 ros
985 443 990 452 ¹

374 652 531 738 sueruut3
546 649 626 738 sed,
645 649 770 722 iisdem
786 650 820 720 iu
837 647 974 734 sabulis,
995 667 1151 744 personae
1167 657 1248 719 sunt
1261 644 1353 734 aliae,
1368 644 1432 718 De-

367 773 519 870 J'aniram
535 770 871 860 dicoetHereulem',
889 769 1076 866 dequibus
1094 769 1195 863 longe
1206 767 1305 841 aliter
1323 768 1434 840 existi-

370 896 542 970 mandum
562 906 633 970 est:
658 893 717 968 illa
732 895 846 983 euim,
863 905 1047 992 postquam
1067 892 1210 988 grandia
1231 892 1347 964 locuta
1366 901 1435 980 est,

369 1019 593 1117 semetipsam
608 1017 756 1105 occidit;
779 1016 836 1089 hie
857 1027 972 1088 autem
993 1015 1136 1112 jamjam
1163 1013 1356 1087 moriturus
1373 1014 1435 1086 fic·

370 1151 441 1212 tam
456 1152 491 1213 et
505 1138 706 1212 simulatam
720 1148 871 1211 ostentat
887 1136 1129 1222 constantiam.
1156 1141 1206 1208 De
1224 1135 1339 1231 priore
1356 1157 1436 1232 per-

369 1282 455 1333 sona
477 1282 566 1355 qnae,
585 1257 816 1356 respondeam
834 1258 907 1354 jam
934 1257 978 1330 in·
1000 1266 1165 1352 promptu
1195 1256 1317 1330 habea.
1347 1255 1435 1330 Cum

370 1383 465 1456 enim
482 1382 656 1479 DeJ'anira,
675 1381 711 1453 in
736 1381 901 1476 tragoedia
928 1380 1129 1478 Sophoclis,
1148 1380 1260 1453 multo
1284 1380 1437 1476 aequiore

370 1505 489 1578 animo
515 1516 551 1578 et
578 1504 632 1578 sui
663 1503 858 1601 potentiore
884 1525 992 1599 quam
1024 1502 1099 1592 haec
1129 1513 1244 1575 nostra
1276 1501 1436 1599 Dejanira

370 1626 493 1716 luerit,
520 1636 610 1700 etse
634 1646 774 1722 qnoque
796 1624 983 1714 occiderit,
1007 1623 1034 1696 si
1058 1624 1133 1696 baec
1159 1625 1263 1696 stoica
1290 1624 1439 1697 dicenda

372 1745 441 1834 sit,
467 1767 538 1818 non
561 1745 660 1817 video
684 1767 750 1817 eur
766 1742 826 1817 illa
850 1765 990 1840 quoque
1005 1743 1101 1838 gregi
1122 1742 1268 1815 Zenonis
1288 1765 1358 1816 non
1384 1742 1440 1815 ad·
1479 1822 1481 1834 Σ

371 1868 595 1942 scriberetur.
621 1867 721 1953 Quod
745 1868 789 1941 ad
804 1867 992 1941 Herculem
1012 1868 1151 1956 attinet,
1178 1890 1257 1941 eum
1284 1891 1435 1963 nequea
1480 1846 1481 1853 ἵ

375 1993 551 2082 lacrimis,
577 2015 691 2088 neque
723 2015 742 2066 a
773 1992 956 2088 questibus
990 2002 1090 2064 autea
1121 1990 1330 2064 abstinuisse
1362 1991 1439 2087 quis

371 2117 535 2213 ignorat
554 2117 744 2204 Praeterea,
764 2116 794 2189 si
813 2116 972 2213 placidus
991 2116 1066 2212 ipso
1092 2115 1126 2189 in
1147 2138 1229 2212 rogo
1251 2128 1439 2213 cunsump-

370 2248 428 2311 tus
453 2249 521 2327 est;
548 2238 615 2312 hoc
641 2238 719 2313 ideo
749 2239 863 2336 potuit
887 2238 983 2328 fieri,
1008 2238 1102 2333 quod
1126 2239 1199 2334 y'am
1220 2239 1291 2311 sere
1318 2260 1441 2312 omnes

374 2362 550 2435 humanos
580 2384 705 2435 sensus
734 2372 896 2450 exuerat,
924 2374 960 2435 et
992 2383 1080 2458 pene
1111 2360 1255 2434 omnino
1289 2372 1442 2434 evaserat

374 2484 471 2558 deus.

423 2605 489 2680 Hic
517 2605 605 2679 mihi
632 2606 819 2703 quisquam
845 2606 1004 2680 nominat
1027 2605 1252 2702 Astyanacta,
1276 2626 1441 2700 magnam

374 2725 536 2800 Porticus
566 2747 685 2821 spem,
715 2737 755 2798 ut
776 2725 890 2823 lepide
920 2723 1053 2798 dictum
1072 2725 1156 2811 est¹,
1173 2723 1202 2795 si
1227 2722 1294 2795 sata
1320 2745 1441 2819 aspera

375 2850 559 2938 tulissent,
577 2859 612 2922 et
627 2848 837 2946 Polyxenam
859 2848 956 2921 illam
974 2869 1053 2944 quae
1067 2856 1163 2920 tanto
1186 2847 1318 2942 impetu
1337 2847 1442 2919 morti

377 2968 542 3041 occurrit.
567 2965 708 3051 Quoties
726 2968 821 3040 enim
841 2977 962 3040 utrum
980 2965 1142 3039 Porticus
1161 2964 1283 3037 litteris
1302 2964 1444 3037 utilitati

377 3090 483 3163 suerit
495 3112 626 3177 necue,
643 3089 830 3184 quaesitum
849 3100 916 3176 est,
939 3088 1040 3162 toties
1059 3089 1113 3160 hae
1134 3087 1212 3160 duae
1231 3079 1387 3181 personae
1405 3096 1445 3159 ut

376 3209 575 3282 vinceretur
591 3231 669 3283 eam
692 3209 850 3283 scholam
874 3209 1048 3282 funestam
1072 3207 1178 3279 fuisse
1196 3204 1349 3279 inductae
1366 3207 1443 3279 sue-

368 3314 469 3404 runt.
502 3330 585 3415 Quae
611 3342 816 3427 argumenta
846 3331 1030 3427 diligenter
1058 3329 1311 3426 expendamus,
1340 3308 1375 3401 et
1405 3351 1444 3402 ea

379 3463 499 3526 utrum
517 3453 653 3548 magni,
676 3476 719 3525 uu
738 3454 833 3549 parvi
851 3453 1021 3526 momenti
1038 3452 1186 3539 suerint,
1209 3450 1252 3523 ad
1272 3473 1350 3522 eam
1369 3472 1443 3523 rem

378 3574 420 3646 de
436 3597 502 3670 qua
523 3572 702 3671 loquimur
721 3574 999 3671 dijudicandam,
1016 3573 1204 3648 rideamus.

427 3698 589 3773 Primum
607 3700 780 3798 Astyanax
797 3711 832 3774 et
851 3700 1023 3798 Polyxena
1047 3722 1117 3774 nou
1143 3698 1230 3771 mihi
1248 3697 1443 3793 germanis·

378 3817 460 3892 simi
478 3819 641 3894 videntur
661 3843 736 3894 esse
752 3820 861 3895 stoici.
878 3820 996 3906 Quum
1010 3820 1104 3893 enim
1127 3818 1186 3892 ille
1207 3840 1346 3915 semper
1360 3815 1446 3890 alias

378 3941 476 4032 snei,
495 3942 562 4016 noc
584 3943 616 4016 et
641 3942 923 4019 cantumerula
943 3924 1246 4031 versonarum,
1270 3941 1355 4014 uum
1380 3951 1448 4014 ue-

419 4212 424 4237 ¹
437 4214 475 4270 ll.
490 4211 598 4270 Nisard.
618 4196 726 4268 Etudes
739 4228 792 4267 rur·
806 4212 844 4268 les·
855 4214 951 4284 poetes
967 4213 1057 4270 totins
1071 4209 1107 4268 de
1118 4209 1151 4269 lo
1165 4208 1337 4280 de'oodeuce,
1352 4212 1372 4265 t.
1387 4207 1430 4265 1⁰¹.
