2970 5190
697 481 770 552 ΗΟ

202 645 279 706 tum
301 633 451 704 maxime
477 633 611 717 stoicis,
640 631 781 702 initium
808 628 958 701 habetur
983 627 1179 724 sapientiae3
1206 629 1269 703 se'd

201 757 281 853 quis
295 756 341 829 sit
358 777 459 828 verus
475 755 554 826 vitae
567 754 663 840 finis,
681 753 755 826 sola
771 752 905 824 ratione
922 751 1032 839 duce,
1051 751 1218 847 exquirit3
1234 761 1271 824 et

202 899 290 949 anus
308 875 452 949 stolidas
469 886 573 970 atque
594 873 754 946 hircosus
768 872 1007 960 centurioneS,
1025 872 1087 968 qui
1105 873 1269 945 omnium

202 998 348 1071 omnino
363 997 491 1093 ignari,
510 997 546 1068 in
564 1007 671 1069 uncta
692 995 819 1092 patella
840 1017 1023 1068 summum
1044 1007 1184 1091 ponunt
1206 995 1271 1068 bo-

203 1145 309 1209 num,
330 1119 526 1192 maledictis
543 1118 681 1192 lacessit
702 1129 737 1190 et
758 1119 991 1214 persequitur.
1015 1117 1098 1191 Haec
1115 1117 1271 1214 pessima

130 1331 133 1334 1
203 1243 235 1315 ei
252 1240 387 1314 videtur
414 1240 562 1312 istorum
579 1239 767 1312 hominum
783 1239 867 1324 vita,
890 1239 971 1333 qui,
990 1238 1085 1311 nulla
1111 1239 1272 1313 adhibita

203 1361 321 1434 animo
336 1383 437 1447 cura,
451 1359 560 1432 renni
577 1358 737 1446 obedire,
755 1359 932 1454 pecudum
948 1359 1036 1447 ritu,
1054 1371 1089 1432 et
1101 1361 1272 1435 omnibus

204 1485 361 1584 corporis
396 1483 622 1580 cupidinibus
655 1483 783 1556 servire
822 1483 974 1556 soleut¹.
1012 1483 1107 1556 Nihil
1147 1495 1272 1559 contra

207 1607 429 1707 prestantius
447 1605 546 1679 ducit
567 1617 601 1678 et
624 1605 776 1678 divinius
798 1628 906 1700 quarn
932 1628 1029 1693 eam,
1055 1629 1162 1702 quam
1189 1631 1275 1681 cum

204 1730 274 1803 lleo
289 1751 515 1804 communem
541 1727 730 1814 babemus,
757 1727 929 1800 rationem
948 1728 1079 1817 colere,
1103 1740 1139 1800 et
1159 1728 1275 1802 virtu·

204 1861 294 1938 tem,
309 1872 388 1945 quae
402 1848 556 1922 hominis
572 1847 713 1944 propria
730 1860 797 1935 est,
814 1849 931 1943 quoad
944 1848 1019 1921 fieri
1034 1849 1161 1944 possit,
1177 1872 1276 1923 asse·

204 1972 275 2067 qui.
295 1972 415 2068 ltaque
432 1971 500 2044 hoc
524 1970 660 2043 risendi
676 1994 808 2066 genus,
826 1971 920 2065 qnod
948 1969 1123 2044 Cartesius
1152 1982 1276 2044 noster

205 2098 309 2170 tantis
334 2096 419 2170 olim
446 2094 587 2168 extollet
612 2094 794 2185 laudibus,
811 2095 992 2168 Romanus
1010 2119 1152 2192 quoque
1169 2107 1272 2193 poeta

206 2216 372 2305 celebrat,
391 2215 478 2289 dum
496 2214 693 2289 Cornutum
707 2238 812 2289 suum
830 2215 881 2288 sic
899 2214 1106 2311 alloquitur:

312 2405 345 2461 tt
357 2409 385 2460 te
399 2405 543 2459 nocturnis
551 2404 629 2473 juvar
642 2403 833 2474 impallescere
846 2403 959 2460 chartis.

312 2498 408 2555 Cultor
422 2500 495 2555 enim
503 2501 635 2569 juvenum
649 2506 781 2570 purgatas
796 2501 898 2555 luseris
910 2504 992 2556 aures

312 2601 402 2668 Fruge
415 2597 572 2655 Cleanthea.
586 2599 671 2654 Petite
685 2597 763 2668 hinc,
775 2600 963 2668 juvenesque,
978 2611 1130 2667 senesque,

281 2686 287 2693 ’
312 2695 405 2751 Finem
419 2695 510 2751 animo
521 2700 641 2764 certum,
654 2695 818 2764 miserisque
830 2695 929 2750 viatica
941 2694 1019 2750 canis
1028 2690 1046 2747 ¹.

256 2857 297 2931 ln
315 2857 369 2932 his
384 2859 529 2933 sortasse
546 2858 717 2933 immoror
729 2860 861 2934 diutius
875 2872 911 2933 et
927 2860 1116 2933 minutiora
1129 2881 1275 2942 consec<

211 2993 281 3070 tor;
300 2983 449 3055 sednon
468 2983 585 3079 parvi,
602 3006 660 3056 me
673 2984 811 3082 judice,
829 2986 992 3072 interest,
1012 2997 1132 3058 utrum
1151 2985 1275 3058 satira-

210 3124 290 3176 rum
304 3115 444 3192 auctor,
459 3102 502 3176 de
517 3104 676 3179 moribus
691 3106 906 3203 scripturus,
921 3105 1025 3179 totius
1039 3105 1115 3177 vitae
1127 3127 1275 3178 cursum

210 3237 246 3302 et
261 3212 368 3299 finem
396 3225 604 3320 cogitatione
634 3228 941 3329 comprehenderit
966 3251 1086 3302 necne.
1113 3227 1153 3302 ld
1177 3230 1276 3302 enim

211 3349 280 3423 nisi
297 3347 432 3436 lecerit,
451 3371 533 3422 cum
552 3372 648 3424 nunc
668 3351 751 3441 hoc,
776 3375 872 3425 nunc
897 3351 985 3425 illud
1003 3351 1125 3424 uitium
1144 3362 1278 3426 temere

211 3483 247 3546 et
274 3471 548 3561 inconsiderate,
576 3496 642 3547 nec
667 3497 745 3548 eam
771 3475 817 3549 ob
842 3499 982 3548 causam
1014 3475 1109 3571 quod
1135 3499 1155 3549 a
1180 3487 1276 3550 certa

212 3590 348 3667 aberret
364 3594 500 3690 regula,
516 3595 621 3670 suerit
631 3597 837 3685 insectatus,
853 3598 982 3694 poterit
994 3599 1131 3673 evenire
1144 3612 1277 3696 utquae

213 3724 314 3790 acute
331 3727 367 3789 et
388 3716 502 3816 lepide
524 3718 663 3808 dixerit,
681 3719 772 3793 inter
798 3741 835 3793 se
861 3743 988 3817 parum
1017 3721 1226 3794 conveniant
1243 3734 1278 3796 et

213 3835 278 3910 alia
298 3836 374 3910 aliis
392 3837 608 3936 discrepent,
625 3840 719 3935 quod
732 3840 781 3914 vel
801 3842 916 3916 solum
929 3865 988 3916 eos
1005 3843 1152 3940 graviter
1165 3844 1276 3918 offen·

252 4095 259 4132 ¹
274 4098 349 4153 Pers.
363 4099 425 4154 Sat.
441 4099 471 4170 V,
485 4114 509 4156 v.
523 4104 567 4157 58.

250 4186 348 4246 2Pers,
359 4193 432 4261 Sat,
445 4192 477 4262 V,
491 4207 515 4248 v.
529 4198 573 4252 62.
