2970 5190
604 515 650 588 67

39 749 42 754 ,
96 659 224 756 saepius
237 658 331 756 apud
346 680 410 731 nos
426 657 618 747 celebrato,
635 679 704 732 non
721 658 873 731 multum
890 656 1086 754 discrepare
1099 656 1162 731 tibi

96 783 282 858 videbitur.
304 781 413 872 Nam,
431 792 470 856 ut
487 781 624 871 stoicis,
642 781 693 856 sic
712 780 910 856 christianis
929 780 1042 879 plaeet
1058 803 1163 855 mun·

97 907 200 996 dum,
214 906 294 1003 igne
310 889 482 997 solutum,
502 906 712 979 immensam
728 905 893 979 daturum
909 926 983 978 esse
1000 904 1160 979 ruinam:

100 1029 228 1120 «Coeli,
244 1029 360 1127 inquit
373 1029 471 1104 divus
488 1031 633 1122 Petrus,
650 1053 778 1127 magno
796 1030 929 1128 impetu
945 1031 1162 1123 transibunt,

97 1154 270 1230 elementa
286 1153 401 1229 calore
417 1153 613 1246 solventur,
630 1165 721 1230 terra
737 1164 872 1244 autem,
891 1165 925 1230 et
942 1155 1070 1252 quaein
1088 1155 1164 1253 ipsa

97 1290 182 1352 sunt
199 1300 323 1376 opera,
341 1279 593 1353 exurenturt»
626 1277 715 1351 Cum
733 1301 812 1352 vero
831 1277 1060 1352 novissimum
1077 1279 1179 1353 illud

94 1400 272 1500 judicium
290 1399 504 1488 oratoribuS,
523 1397 715 1497 pictoribus
734 1408 769 1472 et
784 1398 894 1496 poetis
912 1399 1166 1475 recentioribus

97 1522 252 1621 amplam
268 1535 302 1597 et
318 1523 461 1598 uberem
475 1520 665 1620 praebuerit
678 1513 879 1609 materiam,
896 1543 935 1595 ex
948 1545 1015 1619 qua
1029 1523 1167 1598 absolu·
1268 1608 1275 1615 „

97 1645 231 1720 tissima
253 1644 463 1718 effinxerunt
488 1666 614 1742 opera,
640 1643 749 1722 stoica
774 1642 849 1716 haee
874 1644 1006 1718 exustio
1035 1646 1166 1719 mirum

96 1767 234 1841 videtur
248 1767 277 1840 si
293 1767 426 1841 artibus
442 1777 476 1841 et
488 1765 611 1841 litteris
628 1789 797 1863 magnum
810 1788 880 1839 non
895 1761 1168 1865 suppeditaverit

96 1899 359 1986 argumentum.

146 2009 213 2084 Sed
226 2008 272 2082 ita
286 2007 447 2082 homines
462 2007 643 2082 constituti
658 2032 676 2082 a
691 2019 814 2083 natura
829 2010 987 2101 suerunt,
1001 2022 1040 2085 ut
1053 2025 1179 2088 unum'

98 2135 168 2207 hoe
187 2155 310 2231 poema
328 2153 387 2206 eos
409 2142 527 2228 posset
548 2130 607 2204 diu
628 2130 765 2228 juvare,
784 2133 877 2230 qued
895 2134 931 2207 in
950 2157 1091 2210 scenam
1110 2137 1166 2211 in·

98 2255 199 2330 ducit
215 2255 387 2329 homines.
413 2255 559 2329 Frustra
586 2255 674 2328 mihi
696 2265 958 2354 tempestatem,
976 2259 1165 2352 diluvium,

98 2375 428 2473 conflagrationem,
453 2397 508 2448 res
539 2374 689 2471 denique
715 2377 884 2452 maximas
911 2389 945 2454 et
971 2381 1165 2457 teterrimas

98 2500 312 2600 depinxeris3
332 2523 388 2574 me
407 2498 541 2572 lentum
563 2508 596 2572 et
614 2498 779 2596 frigidum
803 2502 997 2599 relinques,
1015 2505 1082 2579 nisi
1100 2505 1165 2580 ho-

97 2624 232 2698 minem
259 2621 467 2720 quemdam,
492 2620 562 2694 mei
592 2621 743 2696 similem
767 2636 801 2698 et
824 2624 940 2722 aliquo
966 2640 1166 2724 permotum

99 2744 243 2837 affectu,
262 2744 360 2843 quasi
379 2743 491 2818 oeulis
510 2743 818 2842 meissubjeceris.
841 2747 916 2821 Hoc
941 2749 1063 2838 habet,
1080 2760 1114 2823 et
1130 2750 1165 2823 id

99 2870 268 2958 maxime,
287 2890 475 2966 supremus
502 2867 559 2941 ille
586 2866 747 2942 omnium
766 2868 952 2944 hominum
976 2880 1188 2949 conventus

100 3001 180 3064 ante
196 2986 350 3062 tribunal
368 2986 441 3060 Dei.
456 2985 648 3084 Nunquam
665 2986 760 3061 enim
779 2990 951 3064 terrestris
961 2991 1083 3088 judex,
1102 3016 1165 3068 suo

101 3113 226 3188 sedens
248 3111 285 3185 in
310 3109 496 3200 tribunali,
520 3121 658 3185 tantum
684 3111 902 3189 adstantibus
920 3114 1038 3213 injecit
1056 3128 1165 3193 terro-

100 3260 194 3326 rem,
213 3245 401 3333 quantum,
417 3257 489 3308 non
516 3233 749 3327 adstantibuS,
767 3236 827 3310 sed
853 3237 968 3312 solum
986 3239 1167 3336 cogitanti-

100 3362 184 3451 bus,
195 3360 303 3458 judex
319 3358 378 3434 ille
394 3359 560 3451 caelestis,
579 3359 638 3456 qui
656 3359 699 3434 de
713 3361 883 3436 universis
898 3373 1026 3438 statuet
1047 3366 1166 3439 hemi·

100 3483 223 3575 nibus,
241 3493 275 3558 et
288 3483 474 3581 plerosque
487 3482 625 3556 aeternis
637 3483 823 3580 ‚suppliciis
840 3483 1030 3561 damnabit.
1050 3486 1166 3564 Stoica

100 3620 219 3681 autem
239 3605 464 3703 conflagratio
480 3606 523 3680 ad
538 3605 680 3704 physica
702 3607 813 3704 magis
832 3609 1000 3704 quemad
1019 3610 1166 3687 moralia

100 3730 271 3828 pertinent,
297 3729 428 3827 quippe
454 3753 532 3827 quae
555 3729 770 3805 immutabili
793 3729 946 3805 fatorum
973 3732 1094 3808 ordine
1121 3733 1166 3807 sit

102 3842 255 3944 statuta,¹
273 3874 341 3929 nee
362 3852 479 3963 'varias
510 3852 587 3928 illas
615 3853 774 3951 exhibeat.
801 3877 988 3951 personas,
1006 3878 1165 3961 ‚quarum

101 3975 226 4051 timent
240 3976 331 4068 aliae,
353 3975 429 4052 aliae
446 3985 564 4050 autem
582 3987 723 4053 terrent.
741 3976 875 4077 Porro,
891 4002 970 4075 quae
988 3968 1032 4054 ab'
1047 3979 1164 4082 homi-

137 4247 250 4321 ¹Eptst
265 4249 302 4321 ll,
316 4264 340 4305 c.
358 4254 382 4305 3.
