2970 5190
704 501 754 573 94

204 647 329 721 cabant
342 647 498 720 mordaci
514 659 612 718 aceto
628 647 806 742 perfundit
820 645 987 718 Horatius
1010 657 1046 718 et
1063 648 1178 722 multo
1202 650 1277 722 sale

203 769 358 843 delricat
377 768 566 864 Egregium
591 766 753 841 videlicet
776 790 914 863 regem,
934 767 1036 864 cujus
1061 770 1163 864 pueri
1189 769 1276 846 bar·
1341 789 1345 794 ·

202 889 285 964 bam
310 889 460 976 vellunt,
488 900 523 961 et
550 912 673 984 quem,
703 890 790 962 dum
820 889 1016 985 quadrante
1043 891 1071 962 it
1100 890 1276 983 lavatum,

204 1013 322 1086 nullus
338 1013 483 1109 stipator
499 1024 625 1110 prater
640 1012 842 1111 Crispinum
861 1013 1060 1086 sectatur¹l

251 1131 480 1228 Lepidissima
498 1154 581 1205 sane
598 1133 694 1206 etad
719 1156 821 1206 aures
845 1132 957 1228 vulgi,
976 1133 1072 1228 quod
1097 1156 1168 1206 nou
1189 1135 1274 1209 satis

204 1274 286 1326 osus
304 1263 356 1324 cst
369 1251 551 1339 Horatius,
564 1251 840 1347 aptissima!Sed
852 1251 939 1347 quid
951 1251 1019 1324 sibi
1032 1252 1106 1325 vult
1119 1253 1275 1327 Flaccus

206 1353 315 1464 idem,
332 1398 445 1470 quum
463 1374 546 1447 alibi
572 1375 722 1448 dicendo
739 1376 901 1448 enuntiat
923 1375 1103 1471 prioribus
1125 1377 1275 1451 omnino

206 1492 398 1581 contraria,
426 1493 523 1565 etin
553 1494 771 1567 carminibus
800 1494 972 1568 exclamat
999 1495 1105 1567 latius
1131 1497 1275 1590 regnari

205 1615 343 1688 avidum
357 1615 521 1712 spiritum
539 1616 716 1690 domando
733 1618 886 1712 quamsi
903 1616 1032 1713 duplex
1047 1615 1176 1690 Africae
1194 1617 1278 1691 His-

205 1737 386 1835 paniaeque
415 1749 575 1810 teneatur
603 1739 813 1835 imperium,
838 1762 880 1812 ac
906 1739 1068 1812 Phraatis
1096 1761 1114 1811 a
1145 1740 1278 1812 vertice

206 1855 365 1930 diadema
380 1857 538 1930 ablatum
555 1858 722 1953 sapientis
741 1857 847 1954 capiti
872 1857 1083 1953 imposuisse
1100 1857 1279 1953 gaudet2‘.l

253 1981 398 2053 Frustra
416 2003 557 2054 mecum
575 1993 699 2077 reputo
713 1993 833 2080 poetas
845 1982 1032 2080 plerosque
1046 1981 1094 2054 ita
1111 2006 1129 2055 a
1146 1992 1274 2056 natura

206 2125 282 2176 esse
300 2103 521 2190 constitutos,
536 2114 576 2176 ut
592 2103 791 2177 inconsulto
806 2104 934 2200 cuique
949 2105 1060 2178 animi
1078 2106 1192 2179 motui
1208 2117 1278 2179 sta-

207 2225 270 2298 tim
291 2236 450 2323 pareant,
468 2247 533 2298 nec
552 2225 677 2298 boram
700 2227 830 2299 durent
848 2250 925 2300 rem
942 2226 1104 2311 eamdem
1119 2228 1277 2325 proban-

207 2359 276 2437 tes,
303 2348 358 2420 vix
381 2370 525 2445 possum
554 2348 896 2446 indignatiunculam
921 2362 1133 2447 temperare,
1162 2352 1278 2427 Hora·

208 2469 368 2568 tiumque
389 2482 595 2568 nugatorem
619 2494 691 2544 non
717 2472 909 2569 appellare,
935 2496 1019 2546 cum
1045 2473 1147 2547 illum
1174 2474 1277 2549 video

207 2595 258 2670 sic
272 2618 392 2670 secum
408 2595 676 2692 discrepantem.
694 2595 787 2670 Huic
803 2607 921 2669 autem
942 2609 977 2671 et
997 2598 1172 2672 Fontanio
1191 2621 1276 2673 nos·

208 2729 279 2809 tro,
301 2719 362 2816 qui
379 2718 557 2792 interdum
574 2718 611 2791 in
633 2717 756 2792 eadem
774 2742 812 2792 re
836 2718 1028 2815 delinquit,
1049 2721 1169 2794 nescio
1187 2743 1277 2818 quo·

208 2841 338 2931 modo,
380 2852 568 2938 postquam
609 2841 787 2938 paulisper
828 2842 1043 2928 succensui,
1086 2843 1276 2918 novissime

207 2960 361 3056 ignosco.
378 2959 534 3056 Uterque
557 2960 644 3033 adeo
670 2960 827 3034 abundat
849 2962 947 3034 omni
972 2963 1146 3035 sermonis
1163 2964 1275 3059 gratia

209 3094 244 3156 et
263 3083 398 3179 lepore,
422 3092 457 3155 et
479 3093 548 3154 tam
574 3081 702 3155 blande
727 3081 819 3154 ludit
844 3082 979 3156 circum
1006 3084 1218 3180 praecordia,
1237 3080 1278 3160 ut

208 3211 385 3275 venustate
408 3200 566 3299 judicem
590 3200 695 3274 etiam
712 3200 861 3274 invitum
887 3202 1026 3298 placare
1052 3215 1087 3275 et
1112 3204 1278 3299 mitigare

210 3323 329 3397 soleat.
348 3322 424 3396 Hoc
450 3332 588 3396 tantum
604 3323 727 3412 velim,
745 3335 787 3397 ut
810 3324 1050 3422 pbilosophis,
1072 3349 1279 3422 quanquam

211 3442 436 3517 mediocriter
452 3442 686 3538 elegantibus
707 3442 851 3516 daretur
867 3444 983 3533 venia,
1003 3445 1039 3516 si
1052 3446 1167 3517 lorsan
1186 3445 1280 3520 inter

211 3590 248 3640 se
277 3565 521 3663 pugnaverint,
540 3589 623 3639 cum
648 3566 760 3662 poetis
787 3565 1013 3661 sibimetipsis
1037 3567 1280 3662 pugnantibus

212 3686 313 3760 facile
328 3687 424 3760 venia
443 3686 554 3760 detur.

266 3812 410 3886 Horatio
435 3810 578 3884 alteram
604 3809 711 3907 iurgii
737 3831 879 3883 causam
904 3809 1031 3882 inferre
1055 3811 1195 3883 animus
1222 3831 1280 3883 me

255 4132 260 4158 ¹
275 4133 339 4188 Hor.
353 4131 371 4187 l.
385 4133 411 4200 l,
423 4133 485 4186 Sat.
499 4137 525 4201 3,
538 4144 562 4186 v.
576 4134 637 4186 433.

250 4225 260 4263 ²
275 4226 366 4299 Idem,
378 4226 396 4283 l.
410 4227 447 4298 ΙΙ,
464 4225 517 4282 Od.
533 4231 559 4296 2,
572 4241 597 4280 v.
612 4230 637 4280 9.
