2970 5190
720 481 1026 591 ae·,

217 644 414 709 aut-uuum.
428 633 478 706 Εο
495 630 642 719 accedit,
663 632 755 728 quod
771 632 878 706 stoica
892 632 1072 731 disciplina
1088 639 1184 734 apud
1203 661 1285 737 pee-

216 767 268 828 tas
287 777 452 829 romanos
467 775 507 827 eo
527 752 719 850 praesertim
735 763 891 851 tempere
907 755 1032 851 viguit,
1051 780 1122 854 quo
1140 759 1285 850 litterae,

217 891 350 952 oreeto
368 877 412 952 ad
438 900 584 974 pravum
611 877 812 967 abstractae,
836 876 924 949 nihil
947 874 1076 959 §nomi
1101 890 1138 955 et
1162 882 1286 958 incor-

217 999 310 1095 rupti
344 997 537 1084 habebaut,
565 995 611 1069 ita
641 1006 680 1068 ut
714 994 874 1069 homines
904 994 1062 1093 plerique
1095 999 1132 1072 in
1163 1012 1287 1097 poetas

215 1117 451 1192 stoicissantes
470 1115 548 1188 vitiu
568 1115 734 1212 temporis
750 1115 1001 1189 transtulerint.

263 1239 501 1313 Nihilominus
514 1237 705 1333 unicuique
718 1259 817 1333 aeque
834 1236 950 1312 animo
963 1248 998 1320 et
1010 1238 1110 1313 nullo
1125 1242 1286 1338 partium

216 1360 332 1434 studio
352 1356 586 1434 consideranti
611 1355 695 1452 quid
723 1356 857 1429 romani
885 1367 1011 1453 poetae,
1039 1359 1150 1434 stoico
1177 1361 1289 1436 afflati

216 1483 339 1581 spiritu
357 1478 551 1569 effecerint,
569 1478 794 1552 manifestum
820 1488 871 1552 est
889 1478 1036 1553 Zenonis
1058 1479 1288 1579 disciplinam

217 1607 259 1682 de
277 1606 371 1703 poesi
397 1625 541 1678 romana
569 1625 791 1698 nequaquam
809 1601 900 1676 male
925 1604 1086 1677 meritam
1110 1627 1200 1679 esse.
1226 1605 1289 1679 Vi·

216 1729 362 1804 deamus
387 1728 542 1825 primum
570 1747 649 1821 quae
674 1725 715 1799 de
741 1725 830 1814 Deo,
857 1725 899 1798 de
921 1726 1008 1816 fate,
1027 1725 1223 1819 demente,
1243 1728 1287 1802 de

216 1853 273 1925 illa
298 1851 449 1948 denique
476 1858 563 1937 tota,
592 1870 698 1944 quam
724 1845 975 1944 physiologiam
997 1859 1139 1938 vocant,
1170 1851 1287 1947 poetis

215 1969 404 2069 praebuerit
426 1965 623 2041 exornanda
635 1992 644 2056 3
664 1977 739 2039 tum
758 1989 796 2040 ea
815 1966 1032 2063 proferemus
1051 1990 1128 2063 quae
1151 1991 1171 2041 e
1197 1969 1286 2044 stoi·

216 2110 339 2163 eorum
360 2087 473 2174 tibris,
494 2086 536 2160 de
554 2083 710 2159 moribus
729 2085 887 2183 seriptis,
915 2085 951 2158 in
969 2096 1087 2159 vatum
1113 2102 1287 2162 remano·

217 2233 296 2284 rum
314 2219 474 2306 poemata
492 2208 711 2281 effluxerunt.
991 2288 994 2294 ἢ

264 2329 362 2404 Nihil
380 2351 534 2428 uuquam
553 2330 632 2420 suit,
652 2351 732 2403 eum
749 2329 841 2427 apud
856 2339 1003 2418 veterae,
1017 2338 1092 2403 tum
1116 2332 1211 2428 apud
1229 2355 1288 2408 re-

218 2451 407 2540 centioreS,
436 2450 561 2548 majori
586 2450 1054 2548 diguitatedescriptumet
1078 2474 1288 2549 expressum

218 2594 323 2668 quam
354 2593 540 2669 supremus
570 2568 629 2644 ille
658 2570 772 2660 Deus,
804 2571 863 2666 qui
894 2571 1031 2660 omnia,
1059 2593 1286 2669 quaecunque

217 2703 354 2769 nestros
376 2705 456 2768 aute
483 2692 604 2767 oculos
628 2692 872 2783 obversantur,
897 2703 1015 2768 tuetur
1037 2704 1071 2767 et
1096 2695 1286 2790 gubernat.
1348 2711 1353 2725 ·

217 2819 507 2893 Praestantissima
522 2818 643 2893 credas
653 2817 808 2913 ingenia,
822 2840 899 2914 quae
912 2817 955 2891 ad
968 2817 1036 2892 hee
1050 2841 1139 2916 opus
1150 2843 1188 2894 se
1203 2845 1289 2897 con-

217 2941 393 3031 tuleruut,
411 2940 446 3014 id
473 2950 608 3014 tautum
633 2962 701 3014 nen
727 2939 873 3015 feliciter
897 2939 963 3013 sibi
981 2942 1224 3038 proposuisse,
1246 2956 1290 3019 ut

219 3061 371 3137 divinam
390 3062 571 3137 materiam
588 3076 660 3137 arte
678 3064 832 3137 humana
848 3074 1041 3160 aequarent,
1061 3074 1094 3138 et
1112 3087 1152 3139 eo
1171 3067 1289 3142 subli-

219 3178 313 3256 mius
326 3202 403 3256 sese
415 3181 593 3271 extulisse,
611 3204 680 3278 quo
699 3193 821 3256 natura
838 3182 888 3255 eis
903 3182 1121 3280 depingenda
1136 3186 1213 3259 erat
1228 3210 1290 3262 su·

221 3302 373 3379 blimior.
392 3304 483 3390 Quid
496 3305 609 3402 majus
623 3304 751 3379 dieitur
768 3304 875 3379 fuisse
893 3306 986 3402 apud
998 3306 1135 3381 Graecos
1150 3319 1214 3382 aut
1224 3311 1290 3384 he-

132 3510 135 3515 ,
220 3427 351 3503 merico
370 3425 428 3499 illo
443 3427 545 3514 love,
562 3428 621 3524 qui
638 3438 725 3502 nutu
743 3437 854 3500 totum
869 3429 1289 3523 tremefaciebateoelum,

221 3557 281 3623 aut
298 3548 419 3621 eodem
440 3547 499 3621 illo
517 3547 606 3636 Deo,
634 3529 768 3620 Phidiae
793 3546 957 3621 manibus
979 3548 1112 3637 efficto,
1134 3550 1196 3644 qui
1224 3575 1290 3649 po-

221 3668 305 3765 pule
325 3665 471 3741 minime
491 3666 718 3761 religionibus
736 3665 873 3755 dedito,
891 3675 1023 3740 tantam
1046 3666 1208 3742 movebat
1231 3693 1291 3744 ve-

222 3791 468 3865 nerationem?
485 3790 575 3875 Quid
600 3790 880 3885 magnificentius
901 3800 1038 3863 nostros
1064 3790 1157 3888 apud
1175 3792 1290 3890 maje-

223 3937 278 3990 res
292 3924 406 4011 potest
421 3912 566 3987 inveniri
587 3935 692 4008 quam
711 3911 873 3986 funebres
892 3911 960 3986 illae
975 3912 1147 3987 Bossuetii
1165 3913 1290 3988 lauda·
1334 3952 1340 3962 x

221 4036 334 4111 tiones
372 4047 431 4110 aut
466 4058 572 4110 sacrae
604 4033 754 4108 Cornelii
786 4034 993 4129 Raeiniique
1028 4035 1219 4129 tragoediae,
1252 4039 1290 4111 iu

223 4155 351 4252 quibus
387 4178 548 4229 summus
580 4154 637 4228 ille
666 4154 759 4226 Deus
788 4153 985 4227 declaratur
1017 4176 1091 4228 esse
1125 4156 1289 4230 omnium
