2970 5190
626 501 668 573 ai

119 662 189 713 non
208 640 302 714 dicet
324 652 479 737 poetam,
503 645 562 740 qui
589 652 738 740 occupet
760 643 920 717 homines
946 643 1094 717 flumina
1121 643 1185 715 iter

120 759 246 834 melius
274 761 458 851 docentes,
487 772 546 836 aut
573 761 616 836 de
642 762 785 859 reliquis
813 762 983 836 Amerieae
1009 761 1115 835 servis
1147 760 1184 833 in

120 881 314 957 libertatem
333 884 549 958 vindicandis
574 884 781 980 cogitantes,
802 895 863 956 aut
882 882 1035 957 intentos
1053 883 1096 956 ad
1113 862 1184 956 ltass

120 1001 202 1075 liam
216 1003 344 1101 jugum
359 1005 592 1079 excutientem
605 1017 639 1079 et
657 1004 798 1101 antiqua
813 1004 880 1078 lata
898 1014 1130 1101 repetentem,
1146 1013 1185 1076 ut

120 1144 243 1195 eorum
257 1133 336 1198 ante
355 1124 475 1197 oculos
490 1123 762 1221 Agamemnonis
781 1122 926 1197 domum
945 1134 1137 1220 proponat,
1152 1133 1188 1197 et

120 1239 221 1315 Atrea
240 1253 291 1316 tot
313 1244 503 1319 sceleribus
523 1256 745 1342 coopertum,
771 1253 805 1316 et
824 1242 922 1317 toties
941 1243 1055 1316 scenis
1075 1242 1186 1338 agita-

120 1373 195 1436 tum
217 1364 390 1456 Orestem,
409 1368 543 1464 hosque
566 1389 688 1440 omnes
711 1387 863 1462 quorum
886 1365 1050 1455 nomina,
1076 1365 1185 1438 diaria

122 1485 285 1582 legendo,
310 1489 385 1586 jam
407 1489 506 1564 obliti
525 1489 678 1562 fuimus?
701 1487 758 1562 Sic
777 1487 894 1561 stoicis
919 1487 1047 1561 nostris
1070 1487 1185 1562 diviua

121 1619 156 1681 et
174 1609 329 1684 humana
348 1634 495 1709 quaeque
513 1611 612 1708 quasi
630 1634 674 1684 ex·
687 1610 755 1683 alto
774 1608 1079 1683 considerantibus
1097 1632 1186 1684 nau-

121 1753 197 1805 seas
221 1755 360 1808 movere
385 1734 543 1808 solebant
559 1734 616 1808 isti
634 1742 763 1831 poetae,
787 1731 847 1830 qui
871 1743 1013 1808 centurn
1032 1754 1093 1807 ora
1119 1733 1189 1807 liu-

121 1875 277 1950 guasque
294 1855 440 1930 totidem
457 1854 664 1954 poscebant,
683 1865 723 1929 ut
746 1878 859 1929 meras
884 1866 1095 1952 exponerent
1115 1878 1186 1929 nu-

121 2001 182 2074 gas
207 1987 241 2052 et
263 1979 427 2054 historias
448 2003 526 2077 quae
540 1980 752 2079 jampridem
776 1990 991 2055 exaruerant.
1018 1978 1112 2065 Quos
1132 1979 1188 2052 his

120 2101 277 2177 versibus
292 2103 428 2202 egregie
441 2103 644 2203 perstrinxit
660 2103 820 2178 Persius:

228 2301 337 2358 Grande
353 2301 472 2359 locuturi
486 2302 601 2359 nebulas
614 2302 746 2358 Helicone
760 2302 886 2374 legunto,

229 2394 256 2449 Si
271 2394 372 2465 quibus
384 2399 432 2453 aut
444 2396 580 2466 Procnes,
595 2398 642 2452 aut
654 2395 678 2450 si
692 2394 792 2465 quibus
807 2394 861 2450 olla
875 2395 1001 2465 Thyestae

229 2491 369 2562 Ferrebit,
384 2504 458 2563 saepe
471 2491 578 2548 insulso
593 2490 728 2547 coenanda
741 2490 857 2561 Glyconi
868 2489 887 2546 ¹.

125 2665 158 2730 et
172 2654 255 2729 alibi
271 2681 278 2727 :

232 2855 292 2915 Non
306 2854 433 2926 equidem
444 2854 496 2912 huc
510 2855 625 2924 studeo,
639 2854 751 2911 bullatis
766 2853 872 2910 etmihi
888 2853 970 2924 nugis

231 2948 333 3024 Pagina
345 2957 500 3024 turgescat,
513 2951 579 3010 dare
590 2952 699 3025 pondus
715 2952 814 3009 idonea
829 2951 904 3009 fumo
915 2950 935 3009 2.

176 3135 267 3229 Quid
284 3141 350 3215 sibi
368 3141 504 3228 volunt,
524 3161 657 3237 quaeso,
681 3149 807 3237 poetae,
825 3162 889 3222 nec
908 3160 1026 3226 sensa,
1047 3159 1111 3210 nec
1129 3158 1190 3210 co-

126 3268 232 3364 gitata
253 3264 296 3339 ab
320 3265 404 3363 ipsis
428 3264 647 3339 effutientes‘?
665 3264 706 3337 In
730 3263 765 3337 id
784 3286 889 3338 omne
912 3262 1096 3337 conferunt
1117 3269 1193 3334 stu·

128 3388 246 3476 diurn,
270 3398 309 3461 ut
327 3387 502 3461 auditores
528 3387 618 3461 bene
635 3386 808 3484 excipiant
826 3408 934 3482 opus,
960 3395 994 3459 et
1015 3382 1192 3457 interdum

129 3507 305 3595 decenter,
325 3506 423 3596 bene,
442 3506 589 3606 pulchre
610 3507 818 3595 exclament,
839 3505 1061 3601 universique
1080 3527 1195 3578 assur-

129 3637 222 3724 gant.
242 3626 368 3700 Omnia
383 3626 447 3699 ista
462 3638 624 3724 poemata
640 3627 684 3700 ad
699 3616 966 3700 ostentationem
983 3624 1194 3722 composita,

129 3750 245 3824 luceto
271 3749 384 3823 nitore
406 3749 613 3847 spectanda,
638 3772 679 3824 ac
702 3771 826 3847 parurn
850 3749 892 3823 iis
914 3748 1094 3822 dissimilia
1119 3772 1196 3845 quae

130 3882 248 3946 noster
266 3871 433 3947 Molerius
452 3882 524 3946 tarn
543 3872 669 3947 acriter
686 3871 883 3968 exagitavit,
905 3870 1000 3945 idern
1023 3870 1082 3944 ille
1104 3871 1193 3944 Per-

166 4119 176 4160 ¹
191 4120 317 4194 Persius,
331 4126 393 4180 Sat.
407 4124 439 4196 V,
453 4138 478 4181 v.
492 4125 519 4180 7.

168 4215 180 4254 2
192 4216 289 4289 Idem,
302 4232 327 4275 r.
342 4225 385 4277 to.
