2970 5190
709 503 757 576 30

253 655 328 728 Hoc
344 665 461 729 autem
480 678 499 727 a
514 676 571 728 me
588 653 783 749 plurimum
796 651 893 741 facit,
904 649 998 747 quod
1011 650 1164 740 Seneca,
1181 651 1292 725 banc-

202 778 398 874 profitendo
417 776 645 865 sententiam,
662 773 840 849 Cleanthis
857 772 967 869 ipsius
990 772 1201 848 auctoritate
1222 775 1281 848 ni-

204 900 305 990 titur,
323 900 402 998 qui,
428 923 498 973 non
526 899 642 973 solum
669 897 836 973 eximium
863 896 950 971 illud
973 898 1173 994 composuit
1198 890 1284 973 car-

203 1046 304 1111 men,
333 1022 498 1097 omnibus
529 1032 670 1110 notum,
703 1020 764 1095 sed
793 1020 842 1117 (id
874 1019 967 1117 quod
999 1019 1118 1117 pauci,
1148 1021 1280 1110 credo,

205 1142 539 1234 animadverterunt)
558 1141 756 1215 carminum
777 1138 1014 1213 excellentiam
1034 1139 1207 1235 expressit
1222 1139 1283 1213 in-

204 1265 345 1361 geniosa
364 1263 422 1338 illa
449 1262 697 1350 similitudine,
721 1284 828 1357 quam
851 1259 1037 1333 Montanus
1061 1259 1191 1357 aliique
1219 1285 1279 1337 re-

206 1384 377 1459 centiores
393 1385 551 1458 certatim
565 1382 775 1457 retulerunt:
795 1379 910 1454 «Nam
920 1435 930 1469 ,
941 1392 981 1454 ut
991 1379 1127 1454 dicebat
1142 1380 1280 1456 Clean·

206 1510 302 1600 thes,
321 1508 621 1606 quemadmodum
646 1507 788 1605 spiritus
806 1516 925 1581 noster
942 1506 1125 1581 clariorem
1144 1528 1280 1582 sonum

206 1629 336 1718 reddit,
365 1651 448 1703 cum
480 1628 581 1701 illum
612 1626 695 1701 tuba
723 1626 905 1722 perlongi
934 1626 1063 1700 canalis
1093 1627 1281 1723 angustias

206 1758 376 1839 tractum,
395 1748 588 1847 patentiore
606 1747 794 1822 novissime
811 1747 904 1822 exitu
922 1747 1059 1821 effudit:
1079 1748 1129 1822 sic
1147 1771 1278 1824 sensus

205 1878 343 1941 nostros
362 1867 526 1940 clariores
545 1865 712 1941 carminis
738 1877 832 1939 arcta
860 1867 1049 1942 necessitas
1071 1867 1190 1942 elficit.
1207 1867 1280 1942 Ea-

206 1990 285 2065 dem
324 1989 556 2086 nagligentius
587 1989 796 2076 audiuntur,
828 1989 1017 2086 minusque
1050 1989 1278 2087 percutiunt,

206 2109 376 2205 quamdiu
394 2108 506 2182 soluta
534 2109 689 2182 oratione
708 2107 893 2182 dicuntur:
915 2110 976 2184 ubi
1004 2132 1184 2187 accessere
1204 2136 1278 2187 nur

206 2229 313 2318 meri,
342 2241 376 2304 et
407 2229 586 2326 egregium
618 2252 761 2304 sensum
792 2230 1004 2306 adstrinxere
1031 2233 1116 2307 certi
1144 2235 1277 2330 pedeS,

205 2350 329 2427 eadem
347 2352 405 2425 illa
424 2353 593 2426 sententia
613 2351 706 2426 velut
722 2357 851 2427 lacerto
862 2376 1006 2428 excussa
1021 2365 1207 2452 torquetur
1218 2361 1274 2432 ¹.»

253 2473 331 2547 Non
354 2496 496 2548 omnem
522 2473 629 2571 igitur
655 2475 789 2572 poesim
817 2475 1046 2574 culpaverunt
1069 2477 1186 2567 stoici,
1213 2481 1277 2555 sed

205 2621 282 2673 eam
300 2598 545 2673 tantummodo
563 2621 659 2694 quae,
677 2598 781 2673 rebus
800 2598 986 2695 neglectis,
1004 2600 1107 2675 verba
1126 2622 1276 2677 consec-

204 2730 316 2809 tatur3
330 2730 364 2794 et
378 2742 472 2816 quae,
487 2718 575 2793 veris
590 2729 700 2815 poetae
715 2719 891 2809 sensibus,
906 2729 940 2793 et
954 2720 1178 2817 opinionibus
1193 2723 1275 2819 qui-

203 2840 269 2914 bus
299 2861 399 2912 mens
426 2838 615 2926 imbuitur,
644 2838 907 2931 praetermissis,
936 2839 1023 2912 nihil
1049 2840 1156 2915 habet
1176 2843 1275 2939 quod

204 2961 333 3034 nonsit
349 2961 487 3049 fictum,
501 2982 541 3034 ac
555 2959 689 3033 fabulas
704 2961 822 3058 pueris
834 2961 919 3059 ipsis
935 2947 1114 3052 ridendas
1129 2964 1275 3040 millies·

204 3106 272 3179 que
296 3082 514 3171 decantatas,
539 3080 732 3157 ambitiosis
751 3084 976 3157 commendat
992 3084 1158 3159 versibus.
1187 3086 1274 3172 Quis

205 3207 316 3295 enim,
333 3206 361 3280 si
376 3206 527 3281 recentia
543 3207 715 3281 veteribus
729 3229 939 3305 componere
952 3207 1049 3300 licet,
1061 3211 1151 3306 ferre
1162 3213 1275 3309 possit

204 3327 296 3401 inter
324 3337 450 3400 nostrae
476 3327 585 3400 aetatis
614 3328 773 3402 homines
800 3329 962 3404 exsistere
989 3330 1161 3427 aliquem,
1191 3333 1274 3428 qui,

205 3447 387 3538 libertatis,
402 3448 562 3546 justitiae,
578 3449 731 3523 scientiae
745 3449 957 3546 augmentis,
973 3451 1101 3547 quibus
1116 3453 1274 3550 optimus

206 3572 354 3669 quisque
380 3581 557 3660 movetur,
582 3571 726 3644 omnino
754 3571 911 3662 omissis,
937 3573 1034 3646 tritas
1057 3574 1274 3670 Jamdudum

205 3698 364 3771 enuntiet
382 3684 592 3785 sententias,
615 3710 649 3770 et
666 3718 724 3770 eos
743 3718 949 3771 communes
972 3698 1067 3772 locos
1085 3698 1274 3773 scribendo

205 3828 331 3893 tractet
348 3841 498 3915 quorum
518 3840 602 3892 cura
622 3840 686 3891 uec
704 3817 850 3891 lectores
868 3840 933 3892 nec
950 3817 1067 3916 ipsum
1092 3829 1274 3895 auctorem

205 3941 278 4017 ullo
295 3942 399 4018 modo
414 3941 553 4038 tangat?
572 3939 656 4026 Quis
667 3939 783 4037 polius
797 3939 956 4038 ineptum
971 3951 1005 4016 el
1018 3953 1273 4043 praeposterum

241 4220 249 4261 ¹
266 4223 329 4279 Son.
343 4171 434 4294 aptit.
449 4225 511 4279 too.
