<?xml version="1.0" encoding="UTF-8"?>
<!DOCTYPE html PUBLIC "-//W3C//DTD XHTML 1.0 Transitional//EN"
    "http://www.w3.org/TR/xhtml1/DTD/xhtml1-transitional.dtd">
<html xmlns="http://www.w3.org/1999/xhtml" xml:lang="en" lang="en">
 <head>
  <title>
</title>
<meta http-equiv="Content-Type" content="text/html;charset=utf-8" />
  <meta name='ocr-system' content='tesseract 3.04.00' />
  <meta name='ocr-capabilities' content='ocr_page ocr_carea ocr_par ocr_line ocrx_word'/>
</head>
<body>
  <div class='ocr_page' id='page_1' title='image "./destoicadiscipl00ferrgoog_0047.png"; bbox 0 0 2970 5190; ppageno 0'>
   <div class='ocr_carea' id='block_1_1' title="bbox 760 491 808 566">
    <p class='ocr_par' dir='ltr' id='par_1_1' title="bbox 760 491 808 566">
     <span class='ocr_line' id='line_1_1' title="bbox 760 491 808 566; baseline -0.021 0"><span class='ocrx_word' id='word_1_1' title='bbox 760 491 808 566; x_wconf 80' lang='lat'>34</span> 
     </span>
    </p>
   </div>
   <div class='ocr_carea' id='block_1_2' title="bbox 245 637 1320 1833">
    <p class='ocr_par' dir='ltr' id='par_1_2' title="bbox 245 637 1320 1463">
     <span class='ocr_line' id='line_1_2' title="bbox 248 637 1320 736; baseline 0.004 -22"><span class='ocrx_word' id='word_1_2' title='bbox 248 662 316 736; x_wconf 90' lang='lat' dir='ltr'>que</span> <span class='ocrx_word' id='word_1_3' title='bbox 332 647 517 714; x_wconf 92' lang='lat' dir='ltr'>anctorum</span> <span class='ocrx_word' id='word_1_4' title='bbox 529 637 752 712; x_wconf 86' lang='lat' dir='ltr'>firmissimus</span> <span class='ocrx_word' id='word_1_5' title='bbox 767 649 1019 736; x_wconf 75' lang='lat' dir='ltr'>propugnator,</span> <span class='ocrx_word' id='word_1_6' title='bbox 1041 649 1074 712; x_wconf 93' lang='lat' dir='ltr'>et</span> <span class='ocrx_word' id='word_1_7' title='bbox 1088 639 1320 719; x_wconf 73' lang='lat' dir='ltr'>molientium</span> 
     </span>
     <span class='ocr_line' id='line_1_3' title="bbox 246 756 1319 854; baseline 0.004 -22"><span class='ocrx_word' id='word_1_8' title='bbox 246 780 334 833; x_wconf 91' lang='lat' dir='ltr'>nova</span> <span class='ocrx_word' id='word_1_9' title='bbox 358 758 615 854; x_wconf 90' lang='lat' dir='ltr'>deterrimaque</span> <span class='ocrx_word' id='word_1_10' title='bbox 638 757 675 830; x_wconf 93' lang='lat' dir='ltr'>in</span> <span class='ocrx_word' id='word_1_11' title='bbox 702 756 824 830; x_wconf 91' lang='lat' dir='ltr'>litteris</span> <span class='ocrx_word' id='word_1_12' title='bbox 850 756 945 831; x_wconf 89' lang='lat' dir='ltr'>idem</span> <span class='ocrx_word' id='word_1_13' title='bbox 970 757 1159 832; x_wconf 80' lang='lat' dir='ltr'>insectator</span> <span class='ocrx_word' id='word_1_14' title='bbox 1177 763 1319 837; x_wconf 87' lang='lat' dir='ltr'>acerri-</span> 
     </span>
     <span class='ocr_line' id='line_1_4' title="bbox 246 880 1318 980; baseline 0.006 -24"><span class='ocrx_word' id='word_1_15' title='bbox 246 905 345 973; x_wconf 78' lang='lat' dir='ltr'>muS,</span> <span class='ocrx_word' id='word_1_16' title='bbox 364 883 407 958; x_wconf 95' lang='lat' dir='ltr'>de</span> <span class='ocrx_word' id='word_1_17' title='bbox 424 883 531 980; x_wconf 88' lang='lat' dir='ltr'>hujus</span> <span class='ocrx_word' id='word_1_18' title='bbox 548 880 689 955; x_wconf 83' lang='lat' dir='ltr'>familiae</span> <span class='ocrx_word' id='word_1_19' title='bbox 706 880 924 978; x_wconf 91' lang='lat' dir='ltr'>philosophis</span> <span class='ocrx_word' id='word_1_20' title='bbox 946 892 979 955; x_wconf 94' lang='lat' dir='ltr'>et</span> <span class='ocrx_word' id='word_1_21' title='bbox 997 882 1105 979; x_wconf 92' lang='lat' dir='ltr'>poetis</span> <span class='ocrx_word' id='word_1_22' title='bbox 1132 886 1240 980; x_wconf 90' lang='lat' dir='ltr'>paulo</span> <span class='ocrx_word' id='word_1_23' title='bbox 1259 910 1318 962; x_wconf 90' lang='lat' dir='ltr'>se-</span> 
     </span>
     <span class='ocr_line' id='line_1_5' title="bbox 245 999 1316 1099; baseline 0.005 -25"><span class='ocrx_word' id='word_1_24' title='bbox 245 1002 377 1094; x_wconf 81' lang='lat' dir='ltr'>veriuS,</span> <span class='ocrx_word' id='word_1_25' title='bbox 395 1013 434 1076; x_wconf 86' lang='lat' dir='ltr'>ut</span> <span class='ocrx_word' id='word_1_26' title='bbox 452 1001 595 1099; x_wconf 87' lang='lat' dir='ltr'>opinor,</span> <span class='ocrx_word' id='word_1_27' title='bbox 613 1001 694 1074; x_wconf 86' lang='lat' dir='ltr'>tulit</span> <span class='ocrx_word' id='word_1_28' title='bbox 706 999 913 1098; x_wconf 85' lang='lat' dir='ltr'>judicium¹.</span> <span class='ocrx_word' id='word_1_29' title='bbox 931 1001 999 1075; x_wconf 91' lang='lat' dir='ltr'>Per</span> <span class='ocrx_word' id='word_1_30' title='bbox 1020 1001 1124 1076; x_wconf 90' lang='lat' dir='ltr'>talem</span> <span class='ocrx_word' id='word_1_31' title='bbox 1144 1004 1245 1096; x_wconf 89' lang='lat' dir='ltr'>hunc</span> <span class='ocrx_word' id='word_1_32' title='bbox 1265 1007 1316 1079; x_wconf 92' lang='lat' dir='ltr'>vi-</span> 
     </span>
     <span class='ocr_line' id='line_1_6' title="bbox 246 1124 1316 1225; baseline 0.006 -27"><span class='ocrx_word' id='word_1_33' title='bbox 246 1149 326 1199; x_wconf 92' lang='lat' dir='ltr'>rum</span> <span class='ocrx_word' id='word_1_34' title='bbox 356 1124 457 1199; x_wconf 92' lang='lat' dir='ltr'>nobis</span> <span class='ocrx_word' id='word_1_35' title='bbox 485 1124 604 1212; x_wconf 89' lang='lat' dir='ltr'>liceat,</span> <span class='ocrx_word' id='word_1_36' title='bbox 635 1146 699 1198; x_wconf 91' lang='lat' dir='ltr'>cur</span> <span class='ocrx_word' id='word_1_37' title='bbox 724 1124 798 1220; x_wconf 89' lang='lat' dir='ltr'>ejus</span> <span class='ocrx_word' id='word_1_38' title='bbox 827 1125 1034 1198; x_wconf 81' lang='lat' dir='ltr'>sententiam</span> <span class='ocrx_word' id='word_1_39' title='bbox 1062 1149 1133 1200; x_wconf 91' lang='lat' dir='ltr'>non</span> <span class='ocrx_word' id='word_1_40' title='bbox 1159 1128 1316 1225; x_wconf 81' lang='lat' dir='ltr'>amplexi</span> 
     </span>
     <span class='ocr_line' id='line_1_7' title="bbox 246 1246 1317 1346; baseline 0.008 -26"><span class='ocrx_word' id='word_1_41' title='bbox 246 1246 416 1323; x_wconf 80' lang='lat' dir='ltr'>fuerimus</span> <span class='ocrx_word' id='word_1_42' title='bbox 436 1247 619 1322; x_wconf 87' lang='lat' dir='ltr'>enucleate</span> <span class='ocrx_word' id='word_1_43' title='bbox 644 1247 775 1337; x_wconf 84' lang='lat' dir='ltr'>dicere,</span> <span class='ocrx_word' id='word_1_44' title='bbox 791 1259 825 1321; x_wconf 92' lang='lat' dir='ltr'>et</span> <span class='ocrx_word' id='word_1_45' title='bbox 841 1248 978 1344; x_wconf 91' lang='lat' dir='ltr'>singula</span> <span class='ocrx_word' id='word_1_46' title='bbox 999 1271 1076 1346; x_wconf 89' lang='lat' dir='ltr'>quae</span> <span class='ocrx_word' id='word_1_47' title='bbox 1091 1259 1212 1325; x_wconf 91' lang='lat' dir='ltr'>contra</span> <span class='ocrx_word' id='word_1_48' title='bbox 1228 1254 1317 1329; x_wconf 87' lang='lat' dir='ltr'>stoi-</span> 
     </span>
     <span class='ocr_line' id='line_1_8' title="bbox 246 1365 1318 1463; baseline 0 -21"><span class='ocrx_word' id='word_1_49' title='bbox 246 1389 305 1442; x_wconf 91' lang='lat' dir='ltr'>cos</span> <span class='ocrx_word' id='word_1_50' title='bbox 323 1365 478 1443; x_wconf 87' lang='lat' dir='ltr'>attulerit</span> <span class='ocrx_word' id='word_1_51' title='bbox 495 1365 679 1462; x_wconf 84' lang='lat' dir='ltr'>diligenter</span> <span class='ocrx_word' id='word_1_52' title='bbox 693 1366 897 1463; x_wconf 88' lang='lat' dir='ltr'>expendere.</span> <span class='ocrx_word' id='word_1_53' title='bbox 1313 1453 1318 1461; x_wconf 21' lang='lat'>⁸</span> 
     </span>
    </p>

    <p class='ocr_par' dir='ltr' id='par_1_3' title="bbox 246 1489 1315 1833">
     <span class='ocr_line' id='line_1_9' title="bbox 293 1489 1314 1589; baseline 0.005 -24"><span class='ocrx_word' id='word_1_54' title='bbox 293 1490 455 1566; x_wconf 92' lang='lat' dir='ltr'>Primum</span> <span class='ocrx_word' id='word_1_55' title='bbox 472 1489 706 1589; x_wconf 83' lang='lat' dir='ltr'>Chrysippum</span> <span class='ocrx_word' id='word_1_56' title='bbox 729 1490 845 1579; x_wconf 90' lang='lat' dir='ltr'>illum,</span> <span class='ocrx_word' id='word_1_57' title='bbox 865 1512 971 1588; x_wconf 90' lang='lat' dir='ltr'>quem</span> <span class='ocrx_word' id='word_1_58' title='bbox 994 1500 1124 1566; x_wconf 90' lang='lat' dir='ltr'>veteres</span> <span class='ocrx_word' id='word_1_59' title='bbox 1146 1490 1314 1569; x_wconf 84' lang='lat' dir='ltr'>Porticus</span> 
     </span>
     <span class='ocr_line' id='line_1_10' title="bbox 247 1599 1315 1708; baseline 0.001 -20"><span class='ocrx_word' id='word_1_60' title='bbox 247 1612 410 1688; x_wconf 89' lang='lat' dir='ltr'>columen</span> <span class='ocrx_word' id='word_1_61' title='bbox 429 1611 676 1700; x_wconf 87' lang='lat' dir='ltr'>nominabant,</span> <span class='ocrx_word' id='word_1_62' title='bbox 704 1599 859 1708; x_wconf 84' lang='lat' dir='ltr'>aliosque</span> <span class='ocrx_word' id='word_1_63' title='bbox 884 1609 1038 1707; x_wconf 90' lang='lat' dir='ltr'>insignes</span> <span class='ocrx_word' id='word_1_64' title='bbox 1061 1610 1210 1704; x_wconf 91' lang='lat' dir='ltr'>stoicos,</span> <span class='ocrx_word' id='word_1_65' title='bbox 1233 1635 1315 1689; x_wconf 92' lang='lat' dir='ltr'>om·</span> 
     </span>
     <span class='ocr_line' id='line_1_11' title="bbox 246 1733 1315 1833; baseline 0.004 -23"><span class='ocrx_word' id='word_1_66' title='bbox 246 1735 330 1811; x_wconf 92' lang='lat' dir='ltr'>nino</span> <span class='ocrx_word' id='word_1_67' title='bbox 348 1735 488 1810; x_wconf 87' lang='lat' dir='ltr'>insanos</span> <span class='ocrx_word' id='word_1_68' title='bbox 506 1733 613 1808; x_wconf 87' lang='lat' dir='ltr'>fnisse</span> <span class='ocrx_word' id='word_1_69' title='bbox 631 1734 791 1807; x_wconf 86' lang='lat' dir='ltr'>affirmat.</span> <span class='ocrx_word' id='word_1_70' title='bbox 807 1733 883 1819; x_wconf 85' lang='lat' dir='ltr'>Qua</span> <span class='ocrx_word' id='word_1_71' title='bbox 901 1735 1122 1825; x_wconf 89' lang='lat' dir='ltr'>auctoritate,</span> <span class='ocrx_word' id='word_1_72' title='bbox 1140 1735 1315 1833; x_wconf 91' lang='lat' dir='ltr'>quibusve</span> 
     </span>
    </p>
   </div>
   <div class='ocr_carea' id='block_1_3' title="bbox 187 1855 1313 1956">
    <p class='ocr_par' dir='ltr' id='par_1_4' title="bbox 187 1855 1313 1956">
     <span class='ocr_line' id='line_1_12' title="bbox 187 1855 1313 1956; baseline 0.001 -22"><span class='ocrx_word' id='word_1_73' title='bbox 187 1890 190 1897; x_wconf 52' lang='lat'><em>⁴</em></span> <span class='ocrx_word' id='word_1_74' title='bbox 245 1858 460 1956; x_wconf 83' lang='lat' dir='ltr'>argumentis</span> <span class='ocrx_word' id='word_1_75' title='bbox 479 1857 610 1931; x_wconf 80' lang='lat' dir='ltr'>fretus?</span> <span class='ocrx_word' id='word_1_76' title='bbox 632 1855 863 1946; x_wconf 78' lang='lat' dir='ltr'>auctoritate,</span> <span class='ocrx_word' id='word_1_77' title='bbox 886 1856 1032 1946; x_wconf 90' lang='lat' dir='ltr'>scilicet,</span> <span class='ocrx_word' id='word_1_78' title='bbox 1053 1857 1159 1933; x_wconf 90' lang='lat' dir='ltr'>Marci</span> <span class='ocrx_word' id='word_1_79' title='bbox 1182 1859 1313 1953; x_wconf 86' lang='lat' dir='ltr'>Tullii,</span> 
     </span>
    </p>
   </div>
   <div class='ocr_carea' id='block_1_4' title="bbox 211 1979 1315 2090">
    <p class='ocr_par' dir='ltr' id='par_1_5' title="bbox 211 1979 1315 2090">
     <span class='ocr_line' id='line_1_13' title="bbox 211 1979 1315 2090; baseline 0 -34"><span class='ocrx_word' id='word_1_80' title='bbox 211 2077 215 2090; x_wconf 34' lang='grc' dir='ltr'>Ι</span> <span class='ocrx_word' id='word_1_81' title='bbox 246 1981 322 2080; x_wconf 92' lang='lat' dir='ltr'>qui,</span> <span class='ocrx_word' id='word_1_82' title='bbox 342 2005 424 2056; x_wconf 90' lang='lat' dir='ltr'>cum</span> <span class='ocrx_word' id='word_1_83' title='bbox 442 1979 695 2078; x_wconf 87' lang='lat' dir='ltr'>lepidissimam</span> <span class='ocrx_word' id='word_1_84' title='bbox 709 2002 772 2078; x_wconf 92' lang='lat' dir='ltr'>pro</span> <span class='ocrx_word' id='word_1_85' title='bbox 788 1979 932 2053; x_wconf 89' lang='lat' dir='ltr'>Murena</span> <span class='ocrx_word' id='word_1_86' title='bbox 947 1979 1092 2054; x_wconf 90' lang='lat' dir='ltr'>haberet</span> <span class='ocrx_word' id='word_1_87' title='bbox 1104 1980 1315 2074; x_wconf 90' lang='lat' dir='ltr'>orationem,</span> 
     </span>
    </p>
   </div>
   <div class='ocr_carea' id='block_1_5' title="bbox 200 4268 245 4337">
    <p class='ocr_par' dir='ltr' id='par_1_6' title="bbox 200 4268 245 4337">
     <span class='ocr_line' id='line_1_14' title="bbox 200 4268 245 4337; baseline 0 -38"><span class='ocrx_word' id='word_1_88' title='bbox 200 4268 245 4337; x_wconf 45' lang='grc' dir='ltr'>«ᾖ</span> 
     </span>
    </p>
   </div>
   <div class='ocr_carea' id='block_1_6' title="bbox 246 2097 1404 3916">
    <p class='ocr_par' dir='ltr' id='par_1_7' title="bbox 246 2097 1404 3796">
     <span class='ocr_line' id='line_1_15' title="bbox 246 2097 1313 2198; baseline 0.003 -22"><span class='ocrx_word' id='word_1_89' title='bbox 246 2102 289 2176; x_wconf 94' lang='lat' dir='ltr'>de</span> <span class='ocrx_word' id='word_1_90' title='bbox 307 2100 453 2190; x_wconf 81' lang='lat' dir='ltr'>(latone,</span> <span class='ocrx_word' id='word_1_91' title='bbox 472 2100 532 2197; x_wconf 89' lang='lat' dir='ltr'>qui</span> <span class='ocrx_word' id='word_1_92' title='bbox 550 2110 671 2174; x_wconf 90' lang='lat' dir='ltr'>contra</span> <span class='ocrx_word' id='word_1_93' title='bbox 691 2097 875 2174; x_wconf 89' lang='lat' dir='ltr'>Murenam</span> <span class='ocrx_word' id='word_1_94' title='bbox 897 2110 1055 2188; x_wconf 89' lang='lat' dir='ltr'>steterat,</span> <span class='ocrx_word' id='word_1_95' title='bbox 1082 2101 1175 2198; x_wconf 85' lang='lat' dir='ltr'>vulgi</span> <span class='ocrx_word' id='word_1_96' title='bbox 1200 2103 1313 2179; x_wconf 92' lang='lat' dir='ltr'>risum</span> 
     </span>
     <span class='ocr_line' id='line_1_16' title="bbox 248 2222 1315 2320; baseline 0.002 -22"><span class='ocrx_word' id='word_1_97' title='bbox 248 2245 385 2298; x_wconf 93' lang='lat' dir='ltr'>movere</span> <span class='ocrx_word' id='word_1_98' title='bbox 398 2244 573 2320; x_wconf 88' lang='lat' dir='ltr'>quaerens,</span> <span class='ocrx_word' id='word_1_99' title='bbox 587 2228 668 2295; x_wconf 89' lang='lat' dir='ltr'>eum</span> <span class='ocrx_word' id='word_1_100' title='bbox 679 2222 836 2296; x_wconf 87' lang='lat' dir='ltr'>exhibuit</span> <span class='ocrx_word' id='word_1_101' title='bbox 851 2222 1195 2298; x_wconf 87' lang='lat' dir='ltr'>ridiculaeaddictum</span> <span class='ocrx_word' id='word_1_102' title='bbox 1206 2226 1315 2302; x_wconf 90' lang='lat' dir='ltr'>disci-</span> 
     </span>
     <span class='ocr_line' id='line_1_17' title="bbox 249 2346 1315 2446; baseline 0.005 -26"><span class='ocrx_word' id='word_1_103' title='bbox 249 2347 363 2443; x_wconf 87' lang='lat' dir='ltr'>plinae.</span> <span class='ocrx_word' id='word_1_104' title='bbox 380 2346 447 2421; x_wconf 88' lang='lat' dir='ltr'>Sed</span> <span class='ocrx_word' id='word_1_105' title='bbox 463 2346 599 2444; x_wconf 91' lang='lat' dir='ltr'>quoties</span> <span class='ocrx_word' id='word_1_106' title='bbox 612 2346 706 2420; x_wconf 92' lang='lat' dir='ltr'>idem</span> <span class='ocrx_word' id='word_1_107' title='bbox 720 2346 856 2420; x_wconf 91' lang='lat' dir='ltr'>Marcus</span> <span class='ocrx_word' id='word_1_108' title='bbox 870 2346 1005 2421; x_wconf 87' lang='lat' dir='ltr'>Tullius</span> <span class='ocrx_word' id='word_1_109' title='bbox 1017 2347 1182 2438; x_wconf 90' lang='lat' dir='ltr'>rhetoris,</span> <span class='ocrx_word' id='word_1_110' title='bbox 1197 2349 1315 2446; x_wconf 90' lang='lat' dir='ltr'>plebe-</span> 
     </span>
     <span class='ocr_line' id='line_1_18' title="bbox 249 2468 1315 2570; baseline 0.002 -25"><span class='ocrx_word' id='word_1_111' title='bbox 249 2471 338 2547; x_wconf 89' lang='lat' dir='ltr'>culae</span> <span class='ocrx_word' id='word_1_112' title='bbox 355 2471 476 2545; x_wconf 87' lang='lat' dir='ltr'>sucum</span> <span class='ocrx_word' id='word_1_113' title='bbox 494 2468 667 2558; x_wconf 81' lang='lat' dir='ltr'>facientis,</span> <span class='ocrx_word' id='word_1_114' title='bbox 686 2491 757 2542; x_wconf 91' lang='lat' dir='ltr'>non</span> <span class='ocrx_word' id='word_1_115' title='bbox 776 2468 846 2565; x_wconf 90' lang='lat' dir='ltr'>agit</span> <span class='ocrx_word' id='word_1_116' title='bbox 862 2480 994 2567; x_wconf 78' lang='lat' dir='ltr'>parteS,</span> <span class='ocrx_word' id='word_1_117' title='bbox 1017 2470 1093 2560; x_wconf 90' lang='lat' dir='ltr'>sed,</span> <span class='ocrx_word' id='word_1_118' title='bbox 1111 2470 1315 2570; x_wconf 89' lang='lat' dir='ltr'>philosophi</span> 
     </span>
     <span class='ocr_line' id='line_1_19' title="bbox 249 2591 1352 2689; baseline 0.001 -21"><span class='ocrx_word' id='word_1_119' title='bbox 249 2616 363 2685; x_wconf 91' lang='lat' dir='ltr'>more,</span> <span class='ocrx_word' id='word_1_120' title='bbox 380 2591 671 2689; x_wconf 91' lang='lat' dir='ltr'>prudentissimos</span> <span class='ocrx_word' id='word_1_121' title='bbox 690 2591 881 2687; x_wconf 89' lang='lat' dir='ltr'>alloquitur</span> <span class='ocrx_word' id='word_1_122' title='bbox 898 2591 1003 2681; x_wconf 91' lang='lat' dir='ltr'>viros,</span> <span class='ocrx_word' id='word_1_123' title='bbox 1030 2601 1064 2664; x_wconf 92' lang='lat' dir='ltr'>et</span> <span class='ocrx_word' id='word_1_124' title='bbox 1080 2614 1200 2666; x_wconf 91' lang='lat' dir='ltr'>verum</span> <span class='ocrx_word' id='word_1_125' title='bbox 1225 2616 1315 2668; x_wconf 90' lang='lat' dir='ltr'>can·</span> <span class='ocrx_word' id='word_1_126' title='bbox 1351 2639 1352 2642; x_wconf 17' lang='grc' dir='ltr'>π</span> 
     </span>
     <span class='ocr_line' id='line_1_20' title="bbox 250 2713 1316 2813; baseline 0.002 -22"><span class='ocrx_word' id='word_1_127' title='bbox 250 2715 330 2791; x_wconf 92' lang='lat' dir='ltr'>dide</span> <span class='ocrx_word' id='word_1_128' title='bbox 347 2716 464 2791; x_wconf 86' lang='lat' dir='ltr'>studet</span> <span class='ocrx_word' id='word_1_129' title='bbox 480 2714 652 2806; x_wconf 87' lang='lat' dir='ltr'>invenire,</span> <span class='ocrx_word' id='word_1_130' title='bbox 671 2714 771 2788; x_wconf 92' lang='lat' dir='ltr'>toties</span> <span class='ocrx_word' id='word_1_131' title='bbox 796 2713 924 2788; x_wconf 90' lang='lat' dir='ltr'>stoicos</span> <span class='ocrx_word' id='word_1_132' title='bbox 943 2713 1103 2788; x_wconf 84' lang='lat' dir='ltr'>maximis</span> <span class='ocrx_word' id='word_1_133' title='bbox 1122 2715 1316 2813; x_wconf 85' lang='lat' dir='ltr'>amplificat</span> 
     </span>
     <span class='ocr_line' id='line_1_21' title="bbox 250 2832 1315 2932; baseline 0.002 -23"><span class='ocrx_word' id='word_1_134' title='bbox 250 2835 424 2911; x_wconf 90' lang='lat' dir='ltr'>laudibus.</span> <span class='ocrx_word' id='word_1_135' title='bbox 452 2834 544 2921; x_wconf 88' lang='lat' dir='ltr'>Quin</span> <span class='ocrx_word' id='word_1_136' title='bbox 570 2833 692 2923; x_wconf 86' lang='lat' dir='ltr'>etiam,</span> <span class='ocrx_word' id='word_1_137' title='bbox 711 2854 785 2922; x_wconf 88' lang='lat' dir='ltr'>eos,</span> <span class='ocrx_word' id='word_1_138' title='bbox 803 2833 840 2905; x_wconf 95' lang='lat' dir='ltr'>in</span> <span class='ocrx_word' id='word_1_139' title='bbox 858 2832 1023 2908; x_wconf 89' lang='lat' dir='ltr'>omnibus</span> <span class='ocrx_word' id='word_1_140' title='bbox 1040 2856 1148 2932; x_wconf 88' lang='lat' dir='ltr'>prope</span> <span class='ocrx_word' id='word_1_141' title='bbox 1174 2857 1252 2931; x_wconf 90' lang='lat' dir='ltr'>quae</span> <span class='ocrx_word' id='word_1_142' title='bbox 1269 2837 1315 2911; x_wconf 90' lang='lat' dir='ltr'>ad</span> 
     </span>
     <span class='ocr_line' id='line_1_22' title="bbox 250 2952 1316 3056; baseline 0 -24"><span class='ocrx_word' id='word_1_143' title='bbox 250 2981 366 3033; x_wconf 93' lang='lat' dir='ltr'>mores</span> <span class='ocrx_word' id='word_1_144' title='bbox 390 2966 565 3056; x_wconf 90' lang='lat' dir='ltr'>spectant,</span> <span class='ocrx_word' id='word_1_145' title='bbox 584 2953 742 3051; x_wconf 89' lang='lat' dir='ltr'>sequitur</span> <span class='ocrx_word' id='word_1_146' title='bbox 766 2952 874 3028; x_wconf 90' lang='lat' dir='ltr'>duces</span> <span class='ocrx_word' id='word_1_147' title='bbox 901 2953 1001 3046; x_wconf 88' lang='lat' dir='ltr'>(sicut</span> <span class='ocrx_word' id='word_1_148' title='bbox 1018 2978 1037 3029; x_wconf 92' lang='lat' dir='ltr'>e</span> <span class='ocrx_word' id='word_1_149' title='bbox 1054 2955 1316 3052; x_wconf 91' lang='lat' dir='ltr'>pulcherrimo,</span> 
     </span>
     <span class='ocr_line' id='line_1_23' title="bbox 252 3075 1316 3177; baseline -0.001 -23"><span class='ocrx_word' id='word_1_150' title='bbox 252 3079 346 3177; x_wconf 91' lang='lat' dir='ltr'>quod</span> <span class='ocrx_word' id='word_1_151' title='bbox 370 3080 422 3153; x_wconf 86' lang='lat' dir='ltr'>De</span> <span class='ocrx_word' id='word_1_152' title='bbox 442 3078 579 3176; x_wconf 73' lang='lat' dir='ltr'>Officiis</span> <span class='ocrx_word' id='word_1_153' title='bbox 604 3075 825 3167; x_wconf 89' lang='lat' dir='ltr'>inscribitur,</span> <span class='ocrx_word' id='word_1_154' title='bbox 853 3100 956 3175; x_wconf 90' lang='lat' dir='ltr'>opere</span> <span class='ocrx_word' id='word_1_155' title='bbox 983 3076 1207 3152; x_wconf 85' lang='lat' dir='ltr'>manifestum</span> <span class='ocrx_word' id='word_1_156' title='bbox 1231 3079 1316 3175; x_wconf 87' lang='lat' dir='ltr'>est),</span> 
     </span>
     <span class='ocr_line' id='line_1_24' title="bbox 250 3201 1316 3299; baseline 0 -21"><span class='ocrx_word' id='word_1_157' title='bbox 250 3201 466 3299; x_wconf 90' lang='lat' dir='ltr'>Panaetiique</span> <span class='ocrx_word' id='word_1_158' title='bbox 484 3202 583 3277; x_wconf 90' lang='lat' dir='ltr'>stoici</span> <span class='ocrx_word' id='word_1_159' title='bbox 599 3201 729 3276; x_wconf 92' lang='lat' dir='ltr'>librum</span> <span class='ocrx_word' id='word_1_160' title='bbox 748 3224 825 3275; x_wconf 87' lang='lat' dir='ltr'>vere</span> <span class='ocrx_word' id='word_1_161' title='bbox 844 3223 990 3275; x_wconf 90' lang='lat' dir='ltr'>aureum</span> <span class='ocrx_word' id='word_1_162' title='bbox 1009 3201 1175 3298; x_wconf 88' lang='lat' dir='ltr'>praedicat</span> <span class='ocrx_word' id='word_1_163' title='bbox 1196 3213 1230 3277; x_wconf 89' lang='lat' dir='ltr'>et</span> <span class='ocrx_word' id='word_1_164' title='bbox 1248 3204 1316 3280; x_wconf 92' lang='lat' dir='ltr'>sibi</span> 
     </span>
     <span class='ocr_line' id='line_1_25' title="bbox 252 3322 1316 3424; baseline 0.001 -22"><span class='ocrx_word' id='word_1_165' title='bbox 252 3328 295 3402; x_wconf 88' lang='lat' dir='ltr'>ad</span> <span class='ocrx_word' id='word_1_166' title='bbox 312 3327 522 3403; x_wconf 89' lang='lat' dir='ltr'>imitandum</span> <span class='ocrx_word' id='word_1_167' title='bbox 538 3322 701 3424; x_wconf 90' lang='lat' dir='ltr'>proponit</span> <span class='ocrx_word' id='word_1_168' title='bbox 718 3325 902 3424; x_wconf 85' lang='lat' dir='ltr'>exemplar.</span> <span class='ocrx_word' id='word_1_169' title='bbox 931 3325 1007 3399; x_wconf 91' lang='lat' dir='ltr'>Non</span> <span class='ocrx_word' id='word_1_170' title='bbox 1027 3326 1137 3422; x_wconf 88' lang='lat' dir='ltr'>magis</span> <span class='ocrx_word' id='word_1_171' title='bbox 1153 3325 1260 3423; x_wconf 86' lang='lat' dir='ltr'>igitur</span> <span class='ocrx_word' id='word_1_172' title='bbox 1277 3329 1316 3403; x_wconf 92' lang='lat' dir='ltr'>in</span> 
     </span>
     <span class='ocr_line' id='line_1_26' title="bbox 252 3450 1316 3559; baseline -0.003 -30"><span class='ocrx_word' id='word_1_173' title='bbox 252 3453 408 3559; x_wconf 83' lang='lat' dir='ltr'>oratione</span> <span class='ocrx_word' id='word_1_174' title='bbox 423 3475 486 3552; x_wconf 92' lang='lat' dir='ltr'>pro</span> <span class='ocrx_word' id='word_1_175' title='bbox 504 3452 649 3526; x_wconf 90' lang='lat' dir='ltr'>Murena</span> <span class='ocrx_word' id='word_1_176' title='bbox 666 3452 750 3548; x_wconf 94' lang='lat' dir='ltr'>quid</span> <span class='ocrx_word' id='word_1_177' title='bbox 769 3452 811 3526; x_wconf 88' lang='lat' dir='ltr'>de</span> <span class='ocrx_word' id='word_1_178' title='bbox 826 3450 983 3526; x_wconf 91' lang='lat' dir='ltr'>moribus</span> <span class='ocrx_word' id='word_1_179' title='bbox 1003 3450 1122 3525; x_wconf 86' lang='lat' dir='ltr'>Cicero</span> <span class='ocrx_word' id='word_1_180' title='bbox 1149 3452 1316 3544; x_wconf 88' lang='lat' dir='ltr'>senserit,</span> 
     </span>
     <span class='ocr_line' id='line_1_27' title="bbox 252 3558 1404 3675; baseline -0.001 -23"><span class='ocrx_word' id='word_1_181' title='bbox 252 3558 359 3675; x_wconf 89' lang='lat' dir='ltr'>quam</span> <span class='ocrx_word' id='word_1_182' title='bbox 377 3577 413 3651; x_wconf 94' lang='lat' dir='ltr'>in</span> <span class='ocrx_word' id='word_1_183' title='bbox 433 3576 649 3651; x_wconf 90' lang='lat' dir='ltr'>orationibus</span> <span class='ocrx_word' id='word_1_184' title='bbox 664 3585 784 3649; x_wconf 89' lang='lat' dir='ltr'>contra</span> <span class='ocrx_word' id='word_1_185' title='bbox 804 3573 946 3648; x_wconf 86' lang='lat' dir='ltr'>Verrem</span> <span class='ocrx_word' id='word_1_186' title='bbox 966 3597 1043 3670; x_wconf 86' lang='lat' dir='ltr'>quae</span> <span class='ocrx_word' id='word_1_187' title='bbox 1057 3574 1161 3648; x_wconf 83' lang='lat' dir='ltr'>luerit</span> <span class='ocrx_word' id='word_1_188' title='bbox 1178 3575 1253 3672; x_wconf 88' lang='lat' dir='ltr'>ejus</span> <span class='ocrx_word' id='word_1_189' title='bbox 1272 3575 1315 3651; x_wconf 94' lang='lat' dir='ltr'>de</span> <span class='ocrx_word' id='word_1_190' title='bbox 1401 3645 1404 3650; x_wconf 89' lang='lat'>.</span> 
     </span>
     <span class='ocr_line' id='line_1_28' title="bbox 252 3696 1165 3796; baseline -0.003 -23"><span class='ocrx_word' id='word_1_191' title='bbox 252 3698 318 3773; x_wconf 93' lang='lat' dir='ltr'>diis</span> <span class='ocrx_word' id='word_1_192' title='bbox 337 3709 371 3773; x_wconf 85' lang='lat' dir='ltr'>et</span> <span class='ocrx_word' id='word_1_193' title='bbox 388 3697 518 3773; x_wconf 89' lang='lat' dir='ltr'>deabus</span> <span class='ocrx_word' id='word_1_194' title='bbox 533 3696 669 3796; x_wconf 92' lang='lat' dir='ltr'>opinio,</span> <span class='ocrx_word' id='word_1_195' title='bbox 689 3696 792 3770; x_wconf 88' lang='lat' dir='ltr'>credo</span> <span class='ocrx_word' id='word_1_196' title='bbox 808 3718 883 3769; x_wconf 88' lang='lat' dir='ltr'>esse</span> <span class='ocrx_word' id='word_1_197' title='bbox 901 3696 1165 3792; x_wconf 92' lang='lat' dir='ltr'>inquirendum.</span> 
     </span>
    </p>

    <p class='ocr_par' dir='ltr' id='par_1_8' title="bbox 298 3815 1313 3916">
     <span class='ocr_line' id='line_1_29' title="bbox 298 3815 1313 3916; baseline -0.002 -24"><span class='ocrx_word' id='word_1_198' title='bbox 298 3819 344 3892; x_wconf 90' lang='lat' dir='ltr'>At</span> <span class='ocrx_word' id='word_1_199' title='bbox 360 3817 572 3916; x_wconf 83' lang='lat' dir='ltr'>Chrysippus</span> <span class='ocrx_word' id='word_1_200' title='bbox 586 3815 745 3912; x_wconf 86' lang='lat' dir='ltr'>quaedam</span> <span class='ocrx_word' id='word_1_201' title='bbox 763 3816 846 3888; x_wconf 86' lang='lat' dir='ltr'>falsa</span> <span class='ocrx_word' id='word_1_202' title='bbox 866 3826 900 3889; x_wconf 94' lang='lat' dir='ltr'>et</span> <span class='ocrx_word' id='word_1_203' title='bbox 914 3826 1049 3890; x_wconf 87' lang='lat' dir='ltr'>naturae</span> <span class='ocrx_word' id='word_1_204' title='bbox 1066 3815 1313 3915; x_wconf 88' lang='lat' dir='ltr'>repugnantia,</span> 
     </span>
    </p>
   </div>
   <div class='ocr_carea' id='block_1_7' title="bbox 250 3938 1315 4036">
    <p class='ocr_par' dir='ltr' id='par_1_9' title="bbox 250 3938 1315 4036">
     <span class='ocr_line' id='line_1_30' title="bbox 250 3938 1315 4036; baseline -0.004 -20"><span class='ocrx_word' id='word_1_205' title='bbox 250 3941 281 4016; x_wconf 92' lang='lat' dir='ltr'>si</span> <span class='ocrx_word' id='word_1_206' title='bbox 297 3941 488 4017; x_wconf 90' lang='lat' dir='ltr'>Plutarcho</span> <span class='ocrx_word' id='word_1_207' title='bbox 507 3940 677 4030; x_wconf 91' lang='lat' dir='ltr'>creditur,</span> <span class='ocrx_word' id='word_1_208' title='bbox 703 3939 880 4036; x_wconf 83' lang='lat' dir='ltr'>protessus</span> <span class='ocrx_word' id='word_1_209' title='bbox 906 3950 967 4014; x_wconf 91' lang='lat' dir='ltr'>est.</span> <span class='ocrx_word' id='word_1_210' title='bbox 995 3938 1080 4025; x_wconf 89' lang='lat' dir='ltr'>Quis</span> <span class='ocrx_word' id='word_1_211' title='bbox 1106 3950 1222 4015; x_wconf 90' lang='lat' dir='ltr'>autem</span> <span class='ocrx_word' id='word_1_212' title='bbox 1248 3939 1315 4013; x_wconf 86' lang='lat' dir='ltr'>snit</span> 
     </span>
    </p>
   </div>
   <div class='ocr_carea' id='block_1_8' title="bbox 238 4207 1194 4293">
    <p class='ocr_par' dir='ltr' id='par_1_10' title="bbox 238 4207 1194 4293">
     <span class='ocr_line' id='line_1_31' title="bbox 238 4207 1194 4293; baseline -0.004 -17"><span class='ocrx_word' id='word_1_213' title='bbox 238 4288 241 4293; x_wconf 26' lang='lat'><em>¹</em></span> <span class='ocrx_word' id='word_1_214' title='bbox 285 4217 295 4256; x_wconf 79' lang='lat'>¹</span> <span class='ocrx_word' id='word_1_215' title='bbox 310 4217 346 4276; x_wconf 91' lang='grc' dir='ltr'>Μ.</span> <span class='ocrx_word' id='word_1_216' title='bbox 360 4217 475 4288; x_wconf 84' lang='lat' dir='ltr'>Niserd,</span> <span class='ocrx_word' id='word_1_217' title='bbox 487 4207 594 4276; x_wconf 72' lang='lat' dir='ltr'>Etrrdcs</span> <span class='ocrx_word' id='word_1_218' title='bbox 606 4234 658 4274; x_wconf 82' lang='lat' dir='ltr'>sur</span> <span class='ocrx_word' id='word_1_219' title='bbox 671 4217 710 4274; x_wconf 83' lang='lat' dir='ltr'>les</span> <span class='ocrx_word' id='word_1_220' title='bbox 720 4219 815 4288; x_wconf 77' lang='lat' dir='ltr'>podtes</span> <span class='ocrx_word' id='word_1_221' title='bbox 828 4217 917 4275; x_wconf 84' lang='lat' dir='ltr'>latins</span> <span class='ocrx_word' id='word_1_222' title='bbox 931 4216 967 4273; x_wconf 84' lang='lat' dir='ltr'>de</span> <span class='ocrx_word' id='word_1_223' title='bbox 981 4217 1013 4274; x_wconf 84' lang='lat' dir='ltr'>ta</span> <span class='ocrx_word' id='word_1_224' title='bbox 1027 4215 1194 4274; x_wconf 71' lang='lat' dir='ltr'>denudanda.</span> 
     </span>
    </p>
   </div>
   <div class='ocr_carea' id='block_1_9' title="bbox 0 0 1497 5190">
    <p class='ocr_par' dir='ltr' id='par_1_11' title="bbox 0 0 1497 5190">
     <span class='ocr_line' id='line_1_32' title="bbox 0 0 1497 5190; baseline 0 0"><span class='ocrx_word' id='word_1_225' title='bbox 0 0 1497 5190; x_wconf 95' lang='lat' dir='ltr'> </span> 
     </span>
    </p>
   </div>
  </div>
 </body>
</html>
