2970 5190
625 504 696 576 lbb

126 641 262 727 sedem,
278 652 312 714 et
329 665 367 714 ex
381 665 419 716 ea
435 644 600 740 pleraque
613 647 809 721 tabularum
827 650 901 746 ejus
915 651 992 723 vitia
1007 652 1188 727 effluxisse.

124 761 210 835 lnde
237 762 312 837 haec
341 764 514 840 celebrata
540 789 580 840 ac
603 769 682 842 trita
706 769 781 866 ejus
810 770 1040 870 interpretum
1066 775 1190 866 verba,

123 883 223 978 quasi
249 885 494 960 cothurnatam
525 887 560 960 iu
586 911 626 963 eo
651 889 824 964 dominari
848 893 1127 992 philosophiam,
1156 909 1191 971 et

121 1026 290 1100 personas
308 1008 379 1081 lere
397 1031 537 1099 omnes,
556 1033 642 1107 quas
667 1012 805 1087 inducit
824 1014 860 1088 in
884 1038 1045 1106 scenam,
1066 1017 1190 1092 stoico-

119 1153 200 1202 rum
219 1140 334 1227 partes
357 1154 467 1228 agere.
491 1134 593 1224 Quae,
616 1146 743 1210 utnon
763 1138 906 1211 omnino
927 1139 1029 1227 salsa,
1047 1139 1097 1213 sic
1118 1162 1187 1212 non

119 1251 265 1324 omnino
294 1275 371 1326 vera
399 1277 474 1328 esse
504 1254 673 1328 existimo.
706 1255 833 1330 Fateor
862 1257 1023 1354 equidem
1053 1258 1187 1331 nullam

122 1391 230 1467 prope
260 1371 352 1468 apud
375 1372 543 1447 Senecam
570 1397 646 1447 esse
669 1397 876 1470 personam,
894 1398 972 1472 quae
998 1377 1187 1450 sententias

117 1513 157 1564 ex
185 1491 306 1566 intima
337 1492 486 1569 Zenonis
519 1495 701 1594 disciplina
729 1496 954 1594 depromptas
982 1497 1096 1571 verbis
1123 1497 1186 1571 ali-

118 1611 259 1706 quando
290 1636 360 1687 non
386 1605 558 1712 proferat,
588 1614 647 1689 sed
677 1615 906 1712 paucissimas
932 1609 1071 1712 quoque
1093 1617 1184 1714 apud

115 1735 282 1810 eumdem
300 1749 474 1834 procerte
501 1737 612 1813 habeo
631 1761 706 1813 esse
724 1762 912 1836 personas,
932 1761 1010 1835 quae
1028 1739 1070 1813 ad
1099 1739 1183 1813 stoi-

117 1881 241 1933 corum
266 1883 341 1934 sese
367 1863 533 1959 effingam
549 1872 740 1960 praecepta,
770 1885 963 1959 eorumque
990 1864 1181 1962 sapientem

114 1983 166 2055 vel
186 1984 368 2081 paululum
393 1985 551 2060 moribus
575 1987 735 2059 reserant.
761 1985 975 2070 Quinetiam
1000 1997 1092 2076 acta,
1113 2010 1181 2059 non

114 2101 225 2191 dicta,
244 2103 495 2191 consideranti,
519 2104 611 2200 quod
638 2105 674 2177 in
698 2127 802 2202 opere
823 2105 866 2179 ad
884 2107 1058 2203 agendum
1087 2129 1183 2181 com-

112 2227 227 2324 posito
251 2211 488 2326 haud'inepte
505 2228 580 2302 fieri
605 2239 736 2325 potest,
767 2230 855 2303 nihil
877 2231 966 2304 veris
991 2232 1180 2305 stoicorum

106 2347 282 2422 ‘institutis
297 2349 472 2425 videbitur
485 2351 755 2448 repugnantius
771 2373 876 2447 quarn
890 2351 945 2424 hae
959 2351 1099 2426 Senecae
1113 2362 1178 2425 tra-

112 2467 237 2562 goediae
255 2469 393 2559 stoicae,
411 2491 524 2566 usque
542 2470 585 2544 ad
602 2470 668 2544 hoc
685 2482 844 2569 tempus,
862 2470 999 2545 habitae.

162 2589 254 2664 Zeno
273 2591 381 2688 etqui
399 2615 480 2666 euro
497 2592 623 2666 ducem
639 2592 749 2665 secuti
765 2594 907 2665 suerunt
922 2593 989 2666 hoc
1006 2604 1085 2668 ante
1104 2618 1180 2669 orn·

112 2713 170 2786 nia
186 2724 429 2812 praeceperunt
446 2713 650 2788 hominibus
668 2714 728 2810 qui
747 2714 920 2811 sapientes
938 2715 1065 2788 vellent
1085 2718 1178 2804 fieri,
1248 2747 1249 2751 ¹

113 2844 154 2906 ut
176 2834 302 2908 rationi
332 2835 578 2909 convenienter
599 2835 770 2922 viverent,
797 2834 940 2931 ejusque
965 2835 1112 2931 imperio
1139 2859 1178 2909 ac

109 2956 273 3053 potestati
287 2955 487 3046 libidinem,
501 2957 602 3046 iram,
615 2956 768 3052 aliasque
782 2955 889 3028 animi
904 2955 1085 3053 cupidines
1096 2957 1177 3032 sub-

110 3075 317 3148 mitterent:
346 3075 515 3149 rationem
543 3075 743 3149 enimcum
767 3075 858 3163 Deo,
884 3076 1067 3175 cupidines
1094 3101 1175 3153 cum

109 3200 235 3274 belluis
260 3200 361 3276 nobis
379 3223 454 3274 esse
473 3223 689 3274 communes.
710 3201 829 3296 ltaque
853 3200 1052 3298 Epictetus,
1067 3201 1175 3275 Anto-

109 3325 233 3415 ninus,
249 3325 424 3422 ceterique
440 3325 558 3420 magni
575 3325 654 3414 viri,
672 3325 857 3422 dequibus
873 3324 997 3399 merito
1015 3324 1175 3399 Porticus

109 3447 292 3544 gloriatur,
309 3449 550 3536 continentiae,
569 3449 762 3544 patientiae,
781 3448 999 3544 aliarumque
1015 3449 1174 3522 omnium

108 3566 277 3639 virtutum
296 3567 431 3664 egregia
460 3567 653 3665 specimina
672 3568 824 3640 suerunt.
847 3568 974 3657 Porro,
1002 3567 1175 3665 pleraeque

108 3697 219 3783 poetae
246 3689 357 3762 nostri
383 3712 559 3786 personae,
583 3713 651 3763 non
682 3689 785 3763 modo
815 3712 924 3764 caecos
948 3712 1017 3762 non
1038 3690 1174 3763 lrenant

108 3810 215 3883 animi
230 3811 399 3908 impetus,
415 3810 475 3884 sed
490 3811 540 3884 eis
558 3811 765 3900 efferuntur;
782 3811 1046 3886 debacchantur
1062 3812 1134 3884 acl
1156 3853 1172 3865 -

105 3941 199 4019 runt,
213 3931 345 4006 nedum
358 3931 484 4005 rationi
502 3930 762 4029 obtemperent3
778 3931 877 4004 itaut
894 3930 1062 4004 Senecam
1075 3931 1171 4003 dicas
1274 3983 1279 3994 .

106 4057 296 4131 credidisse
314 4057 475 4132 homines
499 4080 540 4131 eo
566 4079 641 4130 esse
664 4058 813 4155 majores
831 4077 901 4153 quo
920 4057 1029 4154 magis
1048 4079 1066 4130 a
1093 4080 1169 4131 vera

104 4179 291 4254 hominum
315 4191 439 4254 natura
465 4160 649 4269 recedant,
674 4191 708 4253 et
735 4200 804 4252 non
832 4179 867 4252 in
889 4178 1023 4266 divina,
1048 4179 1107 4253 sed
1132 4179 1168 4252 in
