2970 5190
708 543 784 617 '135

209 702 330 792 poeta,
344 700 421 766 tum
439 699 560 766 utrum
578 691 706 766 stoicos
726 714 769 765 an
788 691 945 767 rhetores
962 688 1184 787 potissimum
1207 690 1273 765 du·

210 839 268 890 ces
286 826 452 913 sequatur
463 814 623 912 judicatu
639 814 780 888 difficile
795 824 857 888 est.
873 813 962 889 Cum
975 812 1092 887 omnia
1107 835 1275 910 quaecun-

209 961 278 1036 que
296 936 432 1034 egregie
449 936 592 1010 fuerunt
612 946 690 1011 acta
709 935 745 1010 in
763 935 823 1009 illo
847 935 1055 1024 certamine,
1074 936 1168 1032 quod
1184 934 1275 1010 inter

208 1060 443 1136 Massilienses
461 1070 496 1134 et
512 1060 692 1134 Romanos
714 1070 873 1134 exortum
892 1070 960 1149 est,
979 1059 1158 1148 describit,
1174 1060 1273 1157 j‘uve·

209 1207 293 1258 nem
311 1193 485 1259 memorat
499 1182 579 1279 qui,
603 1181 768 1257 manibus
786 1181 956 1257 ambabus
979 1181 1133 1256 vicissim
1151 1204 1275 1280 ampu-

209 1309 309 1399 tatis,
337 1307 413 1406 ipso
437 1316 565 1382 trunco
591 1328 672 1381 suos
699 1315 881 1403 protegere
907 1304 1050 1401 gaudet,
1076 1315 1111 1380 et
1133 1305 1275 1381 tandem

210 1428 375 1503 hostilem
395 1427 433 1501 in
451 1448 575 1500 navem
592 1424 684 1499 saltu
710 1424 853 1514 emicat,
877 1423 952 1521 ipsa
977 1435 1090 1501 morte
1107 1426 1277 1502 Romanis

211 1552 342 1626 damno
357 1550 497 1623 futurus
511 1550 536 1621 ¹.
553 1547 643 1636 Hoc,
672 1547 797 1637 fateor,
820 1547 1001 1621 rhetorum
1028 1546 1144 1645 potius
1169 1572 1276 1647 quam

209 1669 404 1748 stoicorum
422 1669 620 1745 adscribam
639 1668 798 1765 exemplo
816 1678 850 1742 et
868 1668 1085 1758 auctoritati,
1104 1668 1171 1742 nisi
1189 1670 1276 1746 sorte

207 1797 390 1871 lustinum
405 1795 604 1899 rhetorem,
622 1793 743 1867 eadem
762 1815 870 1891 prope
889 1792 1109 1891 dodynegira
1124 1794 1276 1870 reseren-

208 1932 302 2009 tem,
320 1917 511 1993 contendas
529 1917 637 1992 stoice
655 1924 796 2015 quoque
812 1916 971 1991 sensisse.

259 2043 351 2129 Quid
369 2043 485 2118 dicam
498 2043 541 2117 de
559 2041 696 2116 Vulteio
709 2041 786 2132 illo,
803 2041 881 2138 qui,
897 2042 932 2114 in
949 2051 1072 2138 quarto
1086 2041 1276 2118 Pharsaliae

208 2167 318 2258 libro,
337 2176 432 2241 tanta
458 2189 541 2241 cum
568 2165 777 2241 fortitudine¹
796 2165 949 2239 animam
976 2166 1143 2242 effundit?
1161 2168 1274 2264 Eum,

209 2301 249 2365 ut
267 2314 338 2366 non
356 2290 460 2389 plane
476 2289 644 2383 stoicum,
661 2289 791 2388 quippe
817 2288 876 2387 qui
894 2300 1026 2387 pugnet
1043 2302 1164 2368 contra
1182 2317 1274 2368 rem·

208 2415 406 2514 publicam,
422 2414 469 2488 ita
497 2413 716 2510 aliquantum
741 2414 891 2489 stoicum
910 2424 1027 2490 tamen
1045 2417 1273 2514 crediderim;

208 2564 313 2631 nam,
329 2539 522 2615 stoicorum
531 2560 649 2628 more,
666 2538 709 2614 ad
725 2538 922 2614 libertatem
941 2540 1180 2633 retinendam,
1193 2544 1275 2619 sibi-

208 2664 348 2763 metipsi
365 2663 471 2738 vitam
499 2663 621 2762 eripit,
639 2662 968 2760 commilitonesque
992 2665 1035 2739 ad
1059 2664 1096 2740 id
1114 2667 1272 2761 adducit,

208 2801 248 2867 ut
265 2802 338 2867 tam
355 2812 523 2887 magnum
541 2799 734 2886 sequantur
748 2789 979 2885 exempluml.

254 2918 351 2993 inter
366 2917 493 2992 stoicos
508 2938 648 3013 quoque
660 2925 781 2991 utrum
794 2915 839 2989 sit
855 2915 1143 2990 annumerandus
1161 2937 1272 2992 necne

206 3040 329 3116 dubito
347 3038 406 3114 hic
425 3038 583 3113 Metellus
602 3039 680 3135 qui,
703 3062 786 3113 cum
804 3038 937 3127 Caesar,
953 3037 1071 3113 omnia
1089 3039 1272 3136 magistra·

205 3176 308 3236 tuum
325 3170 359 3235 et
374 3159 493 3257 legum
515 3158 653 3248 munia,
676 3157 773 3232 nullo
792 3157 1014 3249 adversante,
1033 3158 1098 3234 sibi
1115 3159 1272 3236 vindica·

204 3281 325 3370 visset,
343 3290 378 3353 et
402 3300 442 3354 eo
460 3278 611 3353 venisset
636 3277 784 3367 suroris,
811 3289 850 3354 ut
873 3277 1015 3353 Saturni
1037 3280 1159 3379 templi
1181 3282 1272 3358 iores

205 3400 390 3496 effringere
406 3399 526 3489 vellet,
545 3410 579 3472 et
593 3398 751 3496 publicas
770 3421 853 3497 opes
869 3422 1009 3499 rapere,
1026 3399 1135 3498 impio
1152 3400 1271 3497 legum

204 3522 362 3598 violatori
378 3521 533 3597 animose
547 3521 695 3610 obstitit,
709 3531 812 3619 atque
826 3522 955 3597 uiribus
970 3545 1016 3597 ou
1024 3523 1159 3621 possint
1169 3522 1271 3622 obsis
1376 3546 1384 3555 ·

205 3648 371 3744 terejuru
382 3656 543 3744 expertus
559 3657 610 3720 est
622 3647 646 3720 ³.
661 3646 809 3744 Quoquo
827 3645 932 3722 modo
949 3669 986 3721 se
1003 3669 1042 3721 ea
1059 3669 1114 3722 res
1129 3647 1269 3740 habeat,

205 3770 264 3845 hic
282 3780 375 3846 certe
391 3770 457 3845 suh
475 3779 576 3867 poeta
596 3768 826 3870 philosophus
850 3769 950 3862 latet,
972 3779 1006 3845 et
1030 3772 1124 3870 apud
1140 3770 1271 3850 Home-

182 4176 185 4181 *
241 4093 378 4166 1ΡΙιανε.,
392 4095 411 4152 l.
425 4095 472 4167 Ill,
486 4109 512 4153 v.
527 4100 588 4155 622.

240 4186 378 4260 ‘Pham
391 4187 411 4245 l.
425 4189 470 4260 lV,
482 4187 509 4246 'v.
525 4191 587 4248 575.

240 4284 380 4358 ³Plarc.,
393 4286 412 4345 l.
425 4286 476 4359 ΙΙΙ,
490 4301 515 4343 v.
531 4289 591 4345 tlt.
