2970 5190
718 537 765 608 63

208 677 328 753 medio
347 677 382 749 in
407 677 554 766 aethere,
573 677 630 750 alii
647 679 776 753 aethere
797 678 863 752 sub
889 679 961 750 imo
989 688 1023 751 et
1045 678 1135 751 circa
1153 679 1274 752 orbem

211 801 305 874 lunae
324 799 464 897 piorum
479 799 578 874 sedes
598 823 637 875 ac
661 800 836 875 domicilia
856 801 1123 876 collocaverunt.
1148 802 1189 876 ln
1208 804 1274 876 hac

208 917 471 1014 magnificentia
490 941 609 992 rerum
628 919 736 993 animi
762 918 934 1010 illustres,
959 942 1047 1017 puro
1071 920 1273 995 circumfusi

208 1040 364 1130 lumine,
396 1043 487 1115 inter
520 1064 557 1116 se
585 1042 743 1141 jucunde
779 1042 1047 1138 colloquuntur,
1079 1042 1273 1117 coelestium

207 1174 411 1239 scrutantur
435 1187 574 1254 causas,
596 1176 689 1240 ratos
707 1167 881 1240 mirantur
899 1165 1055 1239 siderum
1082 1189 1221 1256 cursuS,
1240 1177 1275 1241 et

208 1284 244 1358 in
264 1284 317 1357 bis
333 1284 498 1358 omnibus
516 1285 796 1382 contemplandis
815 1296 952 1383 ponunt
968 1309 1144 1361 summam
1169 1286 1274 1362 lelici-

210 1419 325 1483 tatem.
345 1409 435 1494 Quid
454 1411 550 1483 enim
568 1421 629 1484 aut
657 1411 800 1485 homine
826 1423 886 1485 aut
912 1411 977 1486 deo
1003 1412 1143 1508 dignius
1166 1437 1272 1511 quam

207 1556 326 1607 rerum
341 1533 493 1629 cognitio
509 1542 544 1607 et
561 1534 732 1607 scientia‘.l

256 1655 416 1728 Profecto
435 1656 502 1728 hoc
520 1655 596 1727 vitae
609 1677 719 1752 genus
738 1664 874 1728 nonest
891 1654 925 1727 id
944 1655 1038 1750 quod
1058 1654 1167 1753 poetis
1185 1677 1274 1753 prae-

207 1777 290 1851 bere
306 1789 410 1873 queat
423 1800 586 1873 magnam
600 1777 795 1851 ubertatem
815 1786 849 1851 et
866 1778 965 1873 quasi
979 1776 1100 1850 silvam
1116 1776 1272 1867 dicendi;

207 1898 338 1994 primo,
366 1897 447 1995 quia
471 1920 609 1995 semper
638 1897 704 1972 sibi
734 1921 796 1994 par
822 1908 856 1972 et
882 1896 1052 1994 aequabile
1078 1907 1145 1988 est;
1173 1897 1272 1986 dein,

207 2018 302 2114 quod
319 2019 443 2108 home,
459 2040 541 2092 cum
560 2017 605 2090 sit
622 2027 760 2092 terreno
779 2017 846 2091 boc
865 2029 1011 2115 corpore
1028 2027 1205 2114 gravatus,
1220 2016 1272 2089 vix

205 2137 332 2233 gaudia
348 2138 391 2212 ab
410 2138 505 2212 omni
525 2138 748 2212 concretione
764 2138 917 2211 materiae
930 2149 1106 2235 segregata
1125 2138 1191 2213 sibi
1210 2138 1273 2211 fm-

206 2257 267 2351 git.
282 2256 462 2347 Attamen,
479 2279 562 2331 cum
581 2281 643 2354 per
657 2279 693 2330 se
710 2257 858 2354 pulchra
876 2259 920 2330 sit
937 2258 1003 2330 vita
1021 2257 1222 2356 hujusmodi
1239 2267 1273 2330 et

206 2376 357 2449 maxime
373 2377 499 2450 rationi
516 2388 768 2468 consentanea,
784 2377 958 2467 versibus,
977 2378 1096 2474 paucis
1111 2378 1272 2474 quidem,

207 2496 353 2570 sednon
372 2497 586 2593 ignobilibus
598 2554 607 2586 ,
621 2498 686 2570 suit
704 2497 891 2598 descripta.

254 2619 445 2714 Postquam
470 2618 660 2693 candidum
687 2619 788 2694 illum
820 2620 956 2708 orbern,
990 2643 1096 2717 quam
1124 2621 1271 2696 lacteam

208 2732 298 2813 via'm
314 2741 514 2831 nominant,
539 2741 723 2839 descripsit
739 2741 919 2831 ManiliuS,
937 2765 1042 2838 quam
1065 2742 1110 2816 ob
1129 2766 1271 2816 causam

208 2860 282 2933 haec
300 2883 381 2958 pars
408 2859 487 2934 coeli
513 2865 612 2957 quasi
631 2861 741 2934 lacteo
766 2861 873 2969 tincta
900 2861 1004 2934 luerit
1023 2861 1139 2936 colore
1158 2863 1273 2937 curio-

208 2982 280 3056 sius
299 2983 457 3080 exquirit.
476 2982 573 3057 Scire
591 2982 671 3057 velit
690 2994 825 3073 utrum,
850 2983 1078 3058 Phaethontis
1094 3009 1200 3059 curru
1215 3009 1273 3059 va-

207 3115 311 3201 gante
342 3129 403 3204 per
432 3105 604 3180 immensa
632 3107 770 3180 aetheris
800 3107 928 3204 spatia,
958 3106 1071 3181 sidera
1097 3108 1272 3183 horrendo

207 3229 370 3303 incendio
385 3229 624 3326 flagraverint,
648 3230 842 3327 veterisque
867 3253 968 3304 casus
989 3230 1113 3306 faciem
1135 3233 1271 3306 cinerea

207 3354 323 3450 specie
339 3353 454 3428 adhuc
472 3354 641 3444 reserant3
660 3376 703 3427 an
724 3357 815 3452 (quae
830 3355 921 3428 lama
937 3365 988 3429 est
1003 3355 1154 3450 mollior)
1174 3355 1272 3430 niveo

207 3499 226 3550 e
246 3485 385 3574 pectore
402 3477 551 3550 lunonis
569 3477 700 3551 lacteus
718 3476 834 3573 liquor
857 3478 996 3551 fluxerit
1016 3488 1051 3551 et
1076 3478 1191 3552 colore
1209 3499 1272 3551 suo

209 3594 271 3667 bas
291 3594 461 3670 sublimes
476 3595 635 3670 infecerit
652 3597 821 3691 regiones.
846 3596 914 3669 Sed
938 3596 981 3670 ad
997 3596 1184 3670 severiores
1199 3619 1273 3670 eas-

208 3716 360 3815 demque
376 3718 636 3793 verisimiliores
650 3709 817 3794 deflexus
842 3719 1087 3815 cogitationes,
1105 3731 1196 3793 vates
1214 3741 1273 3817 po-

208 3843 276 3916 tius
295 3842 485 3918 arbitratur
502 3843 727 3917 densissimas
754 3843 804 3918 ibi
832 3854 1014 3939 congestas
1039 3864 1117 3917 esse
1141 3841 1272 3932 stellas,

208 3982 286 4057 quae
304 3960 431 4035 collato
448 3960 583 4058 fulgere
601 3962 713 4036 nitent
737 3973 771 4037 et
795 3961 964 4051 candent,
983 3962 1146 4059 hancque
1163 3961 1273 4035 maxi-

207 4084 295 4174 mis,
313 4085 373 4182 qui
396 4108 556 4182 unquam
570 4086 729 4175 luerunt,
748 4085 874 4159 animis
898 4084 1130 4159 clarissimam
1153 4086 1271 4160 sedem

207 4206 313 4280 luisse
330 4206 529 4304 sepositam.
558 4205 642 4290 Quae
660 4205 829 4279 sententia
849 4192 956 4279 Musis
973 4206 1058 4279 adeo
1079 4228 1147 4279 non
1168 4229 1271 4305 repu-
