2970 5190
717 525 760 597 al

211 673 477 747 accommodati.
495 673 558 748 His
577 673 764 770 aliquando
780 673 902 748 tribuit
916 673 1102 770 magnilica
1112 684 1152 749 et
1167 673 1276 772 signi·
1348 698 1354 708 “

209 791 351 865 ficantia
371 793 494 882 verba,
520 791 630 867 claras
652 792 897 888 vibrantesque
918 792 1126 884 sententiae,
1141 793 1276 890 'quibus

210 915 317 1005 nihil,
336 915 364 989 si
383 916 520 1010 singula
540 916 827 1007 consideraveris
844 917 1056 992 existimabis
1073 917 1256 1015 pulchrius
1267 947 1277 1010 ;

210 1035 271 1109 sed
289 1059 359 1108 noo
381 1046 458 1110 erut
478 1037 532 1110 dis
554 1037 658 1110 locos.
685 1036 770 1120 Quae
787 1036 860 1126 sic,
883 1059 1011 1132 magno
1029 1035 1146 1128 hiatu,
1163 1039 1246 1136 pros
1261 1080 1278 1094 ·

211 1169 356 1247 runtur,
387 1181 425 1230 ea
451 1180 517 1232 nec
544 1179 752 1254 personam,
781 1178 847 1230 nec
876 1167 1037 1255 tempus,
1064 1179 1129 1231 nec
1158 1157 1277 1232 locum

210 1280 419 1377 plerumque
437 1267 581 1370 decent,
599 1290 633 1353 et
650 1302 694 1353 ne
712 1301 835 1353 omnes
853 1279 1011 1377 ejusdem
1028 1279 1142 1376 operis
1160 1291 1275 1378 partes

211 1410 407 1495 congruant
427 1411 462 1473 et
485 1423 594 1473 unam
620 1399 662 1472 ad
680 1399 830 1472 formam
848 1399 1062 1472 reducantur
1083 1399 1276 1497 saepissime

211 1519 377 1593 efficiunt.
416 1519 722 1603 Quemadmodum
760 1517 957 1615 impediunt
991 1539 1036 1592 ne
1072 1540 1196 1615 poema
1233 1521 1279 1593 sit

210 1662 346 1725 unum,
380 1620 427 1713 ita
460 1641 566 1737 (quod
596 1631 711 1716 verius
745 1651 797 1715 est
824 1662 932 1736 quam
963 1639 1201 1734 verisimilius)
1231 1663 1276 1737 ne

210 1763 304 1836 idern
330 1763 376 1836 sit
400 1764 536 1838 varium
562 1765 710 1861 grauiter
734 1764 885 1838 obstant.
914 1762 1004 1836 Gum
1031 1763 1126 1836 enim
1154 1762 1275 1838 creber

209 1889 390 1962 sententiis
409 1911 524 1963 sermo
548 1889 708 1964 omniurn
732 1912 771 1963 ex
794 1909 854 1962 ore
878 1887 1080 1962 indistincte
1106 1889 1277 1985 profluat,

209 2010 434 2085 mediocriter
446 2011 550 2085 etiam
563 2012 702 2085 attentis
715 2010 844 2084 clarius
858 2004 1120 2084 etmanisestius
1134 2023 1278 2109 apparet

209 2154 376 2232 personas
394 2155 539 2224 omnes,
556 2133 662 2207 unius
681 2132 856 2222 hominis,
874 2142 985 2230 poetae
999 2132 1178 2222 videlicet,
1197 2157 1276 2232 par-

209 2267 260 2331 tes
279 2279 390 2352 agere.

257 2376 347 2450 Sunt
365 2375 446 2472 qui,
467 2374 530 2450 ubi
551 2373 721 2449 nonnulla
743 2375 857 2450 nitent
878 2375 914 2448 in
937 2385 1116 2473 poemate,
1135 2397 1175 2450 ea
1197 2398 1276 2451 sus-

208 2495 341 2592 piciant
364 2504 398 2568 et
415 2494 653 2584 admirentur,
676 2517 742 2569 nec
758 2493 805 2569 ita
824 2493 1047 2569 offendantur
1072 2494 1099 2568 si
1124 2516 1213 2592 opus
1236 2517 1277 2569 ex

208 2617 365 2714 partibus
400 2616 491 2691 male
526 2616 783 2691 cohaerentibus
817 2616 956 2714 sibique
993 2617 1285 2713 repugnantibus

208 2739 441 2838 compositum
456 2739 570 2813 luerit.
586 2737 701 2812 Vicini
716 2738 826 2813 nostri
841 2739 1027 2827 Germani,
1042 2737 1172 2835 siquid
1188 2740 1276 2814 forte

207 2861 244 2935 in
262 2884 367 2936 scena
391 2861 495 2935 luerit
517 2870 657 2951 actum,
680 2860 775 2957 quod
796 2861 895 2935 nullo
914 2861 1020 2936 modo
1041 2883 1123 2936 oum
1140 2862 1275 2960 reliqua

208 2984 325 3059 sabula
349 2984 549 3073 conveniat,
571 2994 606 3057 et
626 2983 671 3056 sit
692 2992 827 3074 tamen,
848 2993 887 3058 ut
910 2984 968 3073 fit,
993 3005 1033 3057 eo
1056 2983 1274 3081 splendidius

176 3098 183 3106 ²
208 3128 277 3203 quo
289 3107 401 3201 magis
415 3106 603 3194 absonum,
617 3105 685 3180 hoc
697 3126 767 3178 non
779 3105 894 3179 solum
907 3126 978 3178 non
993 3105 1273 3202 reprehendunt,

207 3229 268 3304 sed
295 3228 577 3328 pulcherrimum
603 3228 697 3303 idem
724 3250 799 3302 esse
828 3237 863 3302 et
883 3228 1001 3302 nescio
1030 3227 1114 3324 quid
1142 3228 1273 3303 fidibus

206 3350 353 3449 dignum
379 3351 526 3443 habere,
547 3375 674 3450 magna
696 3353 863 3448 com-moti
891 3352 1140 3441 admiratione,
1161 3363 1273 3428 certa·

206 3475 270 3548 tim
291 3474 497 3550 exclamant.
515 3474 606 3564 Nos,
624 3475 716 3550 utin
735 3475 926 3550 mulierum
943 3475 994 3550 sic
1011 3475 1047 3550 in
1066 3484 1271 3573 poematum

207 3593 441 3683 ornamentis,
457 3616 577 3667 rerum
594 3593 873 3668 convenientiam
892 3593 1066 3668 dominari
1087 3593 1270 3683 volumus3

206 3737 272 3789 nec
303 3715 414 3811 magis
445 3714 667 3791 ambitiosam
696 3716 822 3789 humili
843 3716 890 3789 in
924 3737 1086 3790 sermone
1116 3715 1272 3812 patimur

208 3840 341 3939 intejici
355 3839 580 3928 sententiam,
596 3862 703 3937 quarn
718 3850 841 3937 torque
851 3849 1032 3936 gemmato
1046 3839 1162 3913 ornari
1175 3839 1272 3937 puel·

206 3962 277 4036 lam
296 3961 528 4060 permodestis
545 3962 705 4036 indutam
722 3962 887 4037 uestibus.
911 3961 1011 4036 Sicut
1027 3961 1176 4036 Flaccus
1193 3960 1269 4050 ille,

208 4082 309 4179 cujus
332 4082 378 4155 ita
392 4081 551 4179 prudens
574 4092 608 4154 et
631 4082 809 4157 sincerum
830 4103 968 4179 semper
991 4080 1057 4154 fuit
1073 4079 1269 4178 judicium,

210 4201 448 4276 existimamus
472 4202 560 4277 nihil
579 4213 639 4276 aut
663 4224 789 4300 parum
806 4202 850 4278 ab
876 4225 917 4277 eo
942 4201 1033 4276 elfioi
1059 4200 1119 4299 qui
1139 4223 1269 4300 ponere
