2970 5190
751 455 798 528 80

298 600 438 689 Quoties
456 625 534 676 vera
554 602 689 699 religio,
708 601 804 675 vanis
819 598 1027 675 caerimoniis
1053 596 1150 694 prius
1170 595 1318 686 obruta,

190 758 194 764 ·
252 737 357 825 caput
382 726 520 816 extulit,
543 727 643 800 toties
665 727 703 800 in
731 725 839 799 animi
856 725 999 814 virtute,
1016 721 1133 821 potius
1156 744 1265 818 quam
1283 721 1320 794 in

250 845 356 920 rebus
386 845 535 919 externis
567 844 741 920 sinceram
773 843 890 942 posuit
919 843 1093 940 pietatem.
1127 840 1251 937 ltaque
1282 839 1319 914 in

251 971 438 1066 Evangelio
456 970 569 1044 multa
593 971 745 1069 reperias
763 971 807 1044 ah
830 972 872 1044 iis
891 993 969 1068 quae
986 970 1171 1044 retulimus
1191 992 1321 1066 parum

254 1089 495 1180 abhorrentia,
522 1101 557 1165 et
580 1091 672 1189 apud
696 1089 862 1165 Ecclesiae
883 1089 1003 1163 Patres
1028 1088 1181 1187 plurima
1204 1086 1322 1184 legere

253 1235 360 1309 queas
372 1212 548 1287 Persianis
561 1215 718 1289 versibus
734 1215 822 1288 mire
836 1205 1075 1310 congruentia.
1089 1211 1320 1299 Quinetiam,

253 1335 457 1410 Lactantius
475 1336 554 1410 illos
579 1360 699 1412 versus
717 1337 789 1412 suis
812 1336 964 1411 illustrat
989 1333 1271 1426 commentariis,
1288 1344 1323 1409 et

254 1458 297 1533 de
314 1459 434 1533 Persio
465 1459 621 1535 locutus:
645 1459 852 1534 «Sentiehat
881 1458 1057 1548 videlicet,
1084 1456 1219 1553 inquit,
1247 1479 1320 1530 non

253 1606 357 1661 came
376 1606 463 1682 opus
481 1608 558 1659 esse
582 1584 625 1659 ad
652 1585 860 1684 placandam
886 1583 1063 1659 coelestem
1081 1582 1321 1679 majestatem,

254 1710 314 1784 sed
333 1722 449 1785 mente
467 1720 608 1801 sancta,
624 1721 659 1785 et
677 1711 773 1809 justo
797 1710 934 1799 animo,
951 1717 985 1781 et
1003 1717 1162 1817 pectore,
1191 1715 1231 1780 ut
1247 1705 1323 1804 ipse

255 1835 320 1923 ait,
339 1836 433 1931 quod
452 1835 603 1910 naturali
620 1837 665 1910 sit
681 1837 861 1911 honestate
880 1855 1091 1930 generosum
1104 1835 1128 1905 ¹.
1144 1858 1162 1904 a

303 1957 476 2033 Caeterum
495 1959 570 2033 haec
584 1961 701 2034 omnia
717 1958 894 2034 Persianis
910 1981 927 2032 e
941 1957 1099 2032 versibus
1116 1955 1322 2052 deprompta

254 2080 308 2153 vix
322 2080 490 2154 orationis
509 2081 754 2157 desiderabant
772 2090 995 2169 ornamenta;
1015 2078 1101 2153 adeo
1116 2100 1178 2176 per
1196 2099 1273 2150 sese
1291 2085 1325 2150 et

255 2201 330 2274 sine
348 2201 461 2276 verbis
480 2224 581 2276 suam
600 2201 732 2277 habent
744 2199 1066 2300 pulchritudinem3
1086 2218 1167 2271 nam
1180 2195 1322 2282 veritae,

255 2320 307 2395 vel
325 2320 439 2412 nuda,
457 2321 554 2395 nitet.

657 2627 804 2705 CAPUT
829 2627 921 2704 XIII.

472 2795 518 2848 ou
535 2794 676 2852 cucrmo
694 2797 892 2854 srorconun
909 2794 1104 2852 mscrruco.

306 2985 391 3059 Mihi
409 2996 527 3084 poetas
542 2987 739 3078 Romanos,
758 3008 911 3085 quocum
923 2960 1063 3061 *mentes
1076 2979 1243 3057 imbuerit
1265 2979 1326 3055 Ze-

258 3258 381 3310 eorum
408 3237 555 3334 quisque
590 3239 710 3314 stoicis
740 3239 896 3313 hauserit
927 3261 945 3312 e
977 3234 1133 3311 lontibus
1164 3232 1327 3330 expedire

257 3356 371 3431 verbis
384 3357 535 3454 optanti,
550 3359 727 3449 Lucilius,
740 3360 799 3433 ille
814 3357 1002 3456 praeclarus
1017 3355 1202 3431 satirarum
1217 3351 1327 3450 scrip·

261 3487 331 3566 tor,
351 3478 386 3550 in
405 3478 548 3575 primis,
568 3478 596 3552 si
615 3479 782 3577 temporis
797 3478 885 3552 ratio
903 3475 1066 3563 hahetur,
1091 3471 1246 3548 occurrit
1263 3494 1328 3546 no-

259 3600 465 3675 minandus:
483 3601 612 3700 quippe
631 3603 745 3699 quiea
762 3610 966 3700 tempestate
983 3597 1118 3686 vixerit,
1137 3619 1205 3692 qua
1225 3593 1327 3669 nobi-

259 3723 305 3797 lia
331 3723 389 3797 illa
416 3724 595 3822 dogmata,
621 3724 767 3800 Athenis
793 3724 972 3822 quondam
1000 3732 1092 3812 orta,
1110 3742 1180 3794 non
1209 3718 1327 3792 solum

259 3843 426 3934 Romam,
442 3844 503 3918 sed
520 3846 724 3920 universum
746 3868 855 3943 prope
872 3856 1046 3919 terrarum
1066 3841 1103 3916 in
1124 3840 1247 3915 orbem
1265 3839 1328 3914 de-

260 3961 451 4054 fluxerant,
477 3962 589 4062 iisque
620 3965 891 4042 familiarissime
920 3987 1005 4040 usus
1032 3963 1077 4037 sit
1099 3959 1328 4049 hominibus,

300 4175 394 4233 maer.
411 4180 478 4234 rust.
493 4178 510 4235 t.
528 4180 651 4250 v1,c.2.
