<?xml version="1.0" encoding="UTF-8"?>
<!DOCTYPE html PUBLIC "-//W3C//DTD XHTML 1.0 Transitional//EN"
    "http://www.w3.org/TR/xhtml1/DTD/xhtml1-transitional.dtd">
<html xmlns="http://www.w3.org/1999/xhtml" xml:lang="en" lang="en">
 <head>
  <title>
</title>
<meta http-equiv="Content-Type" content="text/html;charset=utf-8" />
  <meta name='ocr-system' content='tesseract 3.04.00' />
  <meta name='ocr-capabilities' content='ocr_page ocr_carea ocr_par ocr_line ocrx_word'/>
</head>
<body>
  <div class='ocr_page' id='page_1' title='image "./destoicadiscipl00ferrgoog_0149.png"; bbox 0 0 2970 5190; ppageno 0'>
   <div class='ocr_carea' id='block_1_1' title="bbox 711 544 783 618">
    <p class='ocr_par' dir='ltr' id='par_1_1' title="bbox 711 544 783 618">
     <span class='ocr_line' id='line_1_1' title="bbox 711 544 783 618; baseline 0 0"><span class='ocrx_word' id='word_1_1' title='bbox 711 544 783 618; x_wconf 79' lang='lat' dir='ltr'>tat</span> 
     </span>
    </p>
   </div>
   <div class='ocr_carea' id='block_1_2' title="bbox 111 690 1277 4065">
    <p class='ocr_par' dir='ltr' id='par_1_2' title="bbox 214 690 1277 911">
     <span class='ocr_line' id='line_1_2' title="bbox 214 690 1277 792; baseline -0.002 -24"><span class='ocrx_word' id='word_1_2' title='bbox 214 718 294 769; x_wconf 93' lang='lat' dir='ltr'>rum</span> <span class='ocrx_word' id='word_1_3' title='bbox 312 715 430 767; x_wconf 88' lang='lat' dir='ltr'>versus</span> <span class='ocrx_word' id='word_1_4' title='bbox 449 692 563 768; x_wconf 93' lang='lat' dir='ltr'>nullos</span> <span class='ocrx_word' id='word_1_5' title='bbox 579 692 730 792; x_wconf 82' lang='lat' dir='ltr'>reperias</span> <span class='ocrx_word' id='word_1_6' title='bbox 752 691 879 791; x_wconf 83' lang='lat' dir='ltr'>quibus</span> <span class='ocrx_word' id='word_1_7' title='bbox 904 715 1001 767; x_wconf 90' lang='lat' dir='ltr'>sacer</span> <span class='ocrx_word' id='word_1_8' title='bbox 1014 690 1158 790; x_wconf 87' lang='lat' dir='ltr'>justitiae</span> <span class='ocrx_word' id='word_1_9' title='bbox 1174 714 1277 769; x_wconf 90' lang='lat' dir='ltr'>amor</span> 
     </span>
     <span class='ocr_line' id='line_1_3' title="bbox 214 814 451 911; baseline -0.004 -23"><span class='ocrx_word' id='word_1_10' title='bbox 214 814 265 888; x_wconf 94' lang='lat' dir='ltr'>sic</span> <span class='ocrx_word' id='word_1_11' title='bbox 280 824 451 911; x_wconf 90' lang='lat' dir='ltr'>erumpat.</span> 
     </span>
    </p>

    <p class='ocr_par' dir='ltr' id='par_1_3' title="bbox 209 934 1274 1641">
     <span class='ocr_line' id='line_1_4' title="bbox 261 934 1274 1032; baseline -0.002 -22"><span class='ocrx_word' id='word_1_12' title='bbox 261 937 328 1011; x_wconf 90' lang='lat' dir='ltr'>Sed</span> <span class='ocrx_word' id='word_1_13' title='bbox 347 959 385 1012; x_wconf 89' lang='lat' dir='ltr'>ex</span> <span class='ocrx_word' id='word_1_14' title='bbox 404 937 567 1012; x_wconf 90' lang='lat' dir='ltr'>omnibus</span> <span class='ocrx_word' id='word_1_15' title='bbox 584 936 665 1010; x_wconf 91' lang='lat' dir='ltr'>viris</span> <span class='ocrx_word' id='word_1_16' title='bbox 688 960 775 1032; x_wconf 90' lang='lat' dir='ltr'>quos</span> <span class='ocrx_word' id='word_1_17' title='bbox 800 935 931 1010; x_wconf 79' lang='lat' dir='ltr'>Lucani</span> <span class='ocrx_word' id='word_1_18' title='bbox 951 934 1135 1009; x_wconf 87' lang='lat' dir='ltr'>celebravit</span> <span class='ocrx_word' id='word_1_19' title='bbox 1152 957 1274 1023; x_wconf 89' lang='lat' dir='ltr'>musa,</span> 
     </span>
     <span class='ocr_line' id='line_1_5' title="bbox 213 1052 1274 1151; baseline -0.003 -23"><span class='ocrx_word' id='word_1_20' title='bbox 213 1056 332 1130; x_wconf 90' lang='lat' dir='ltr'>nullus</span> <span class='ocrx_word' id='word_1_21' title='bbox 350 1066 402 1128; x_wconf 91' lang='lat' dir='ltr'>est</span> <span class='ocrx_word' id='word_1_22' title='bbox 428 1056 487 1151; x_wconf 91' lang='lat' dir='ltr'>qui</span> <span class='ocrx_word' id='word_1_23' title='bbox 506 1056 548 1129; x_wconf 90' lang='lat' dir='ltr'>ad</span> <span class='ocrx_word' id='word_1_24' title='bbox 575 1055 675 1130; x_wconf 90' lang='lat' dir='ltr'>illum</span> <span class='ocrx_word' id='word_1_25' title='bbox 701 1055 890 1130; x_wconf 71' lang='lat' dir='ltr'><strong>stoicorum</strong></span> <span class='ocrx_word' id='word_1_26' title='bbox 913 1054 1105 1151; x_wconf 81' lang='lat' dir='ltr'>sapientem</span> <span class='ocrx_word' id='word_1_27' title='bbox 1130 1052 1274 1150; x_wconf 91' lang='lat' dir='ltr'>propius</span> 
     </span>
     <span class='ocr_line' id='line_1_6' title="bbox 212 1172 1274 1275; baseline -0.006 -22"><span class='ocrx_word' id='word_1_28' title='bbox 212 1179 441 1253; x_wconf 78' lang='lat' dir='ltr'>similitudine</span> <span class='ocrx_word' id='word_1_29' title='bbox 470 1179 673 1269; x_wconf 83' lang='lat' dir='ltr'>accesserit,</span> <span class='ocrx_word' id='word_1_30' title='bbox 700 1200 806 1275; x_wconf 88' lang='lat' dir='ltr'>quam</span> <span class='ocrx_word' id='word_1_31' title='bbox 837 1172 936 1264; x_wconf 84' lang='lat' dir='ltr'>Cato,</span> <span class='ocrx_word' id='word_1_32' title='bbox 966 1175 1077 1273; x_wconf 89' lang='lat' dir='ltr'>qualis</span> <span class='ocrx_word' id='word_1_33' title='bbox 1107 1198 1125 1248; x_wconf 90' lang='lat' dir='ltr'>a</span> <span class='ocrx_word' id='word_1_34' title='bbox 1155 1184 1274 1248; x_wconf 85' lang='lat' dir='ltr'>nostro</span> 
     </span>
     <span class='ocr_line' id='line_1_7' title="bbox 212 1297 1273 1405; baseline -0.006 -29"><span class='ocrx_word' id='word_1_35' title='bbox 212 1312 312 1399; x_wconf 88' lang='lat' dir='ltr'>poeta</span> <span class='ocrx_word' id='word_1_36' title='bbox 332 1301 547 1405; x_wconf 82' lang='lat' dir='ltr'>carminibus</span> <span class='ocrx_word' id='word_1_37' title='bbox 564 1301 722 1399; x_wconf 89' lang='lat' dir='ltr'>depictus</span> <span class='ocrx_word' id='word_1_38' title='bbox 742 1298 816 1374; x_wconf 87' lang='lat' dir='ltr'>suit.</span> <span class='ocrx_word' id='word_1_39' title='bbox 839 1299 948 1372; x_wconf 90' lang='lat' dir='ltr'>Tanto</span> <span class='ocrx_word' id='word_1_40' title='bbox 974 1298 1079 1393; x_wconf 90' lang='lat' dir='ltr'>igitur</span> <span class='ocrx_word' id='word_1_41' title='bbox 1095 1297 1273 1395; x_wconf 90' lang='lat' dir='ltr'>proposito</span> 
     </span>
     <span class='ocr_line' id='line_1_8' title="bbox 211 1416 1273 1518; baseline -0.003 -23"><span class='ocrx_word' id='word_1_42' title='bbox 211 1421 385 1518; x_wconf 88' lang='lat' dir='ltr'>exemplo,</span> <span class='ocrx_word' id='word_1_43' title='bbox 405 1421 489 1517; x_wconf 88' lang='lat' dir='ltr'>qnid</span> <span class='ocrx_word' id='word_1_44' title='bbox 515 1420 688 1495; x_wconf 86' lang='lat' dir='ltr'>commodi</span> <span class='ocrx_word' id='word_1_45' title='bbox 707 1430 766 1493; x_wconf 89' lang='lat' dir='ltr'>aut</span> <span class='ocrx_word' id='word_1_46' title='bbox 783 1418 996 1494; x_wconf 83' lang='lat' dir='ltr'>incommodi</span> <span class='ocrx_word' id='word_1_47' title='bbox 1015 1416 1137 1491; x_wconf 91' lang='lat' dir='ltr'>litteris</span> <span class='ocrx_word' id='word_1_48' title='bbox 1156 1416 1273 1492; x_wconf 85' lang='lat' dir='ltr'>latinis</span> 
     </span>
     <span class='ocr_line' id='line_1_9' title="bbox 209 1541 913 1641; baseline -0.003 -25"><span class='ocrx_word' id='word_1_49' title='bbox 209 1543 317 1618; x_wconf 88' lang='lat' dir='ltr'>stoica</span> <span class='ocrx_word' id='word_1_50' title='bbox 333 1542 488 1617; x_wconf 88' lang='lat' dir='ltr'>attulerit</span> <span class='ocrx_word' id='word_1_51' title='bbox 503 1543 705 1641; x_wconf 80' lang='lat' dir='ltr'>disciplina,</span> <span class='ocrx_word' id='word_1_52' title='bbox 723 1541 913 1616; x_wconf 89' lang='lat' dir='ltr'>videamus.</span> 
     </span>
    </p>

    <p class='ocr_par' dir='ltr' id='par_1_4' title="bbox 111 1660 1272 3097">
     <span class='ocr_line' id='line_1_10' title="bbox 258 1660 1272 1762; baseline -0.001 -25"><span class='ocrx_word' id='word_1_53' title='bbox 258 1665 334 1738; x_wconf 86' lang='lat' dir='ltr'>Duo</span> <span class='ocrx_word' id='word_1_54' title='bbox 353 1687 431 1762; x_wconf 86' lang='lat' dir='ltr'>quae</span> <span class='ocrx_word' id='word_1_55' title='bbox 453 1667 525 1762; x_wconf 87' lang='lat' dir='ltr'>jam</span> <span class='ocrx_word' id='word_1_56' title='bbox 546 1675 644 1738; x_wconf 90' lang='lat' dir='ltr'>antea</span> <span class='ocrx_word' id='word_1_57' title='bbox 666 1664 758 1760; x_wconf 92' lang='lat' dir='ltr'>apud</span> <span class='ocrx_word' id='word_1_58' title='bbox 782 1663 907 1737; x_wconf 91' lang='lat' dir='ltr'>stoicos</span> <span class='ocrx_word' id='word_1_59' title='bbox 934 1662 968 1735; x_wconf 90' lang='lat' dir='ltr'>in</span> <span class='ocrx_word' id='word_1_60' title='bbox 996 1660 1198 1735; x_wconf 87' lang='lat' dir='ltr'>universum</span> <span class='ocrx_word' id='word_1_61' title='bbox 1218 1685 1272 1736; x_wconf 88' lang='lat' dir='ltr'>re·</span> 
     </span>
     <span class='ocr_line' id='line_1_11' title="bbox 208 1778 1272 1887; baseline -0.002 -25"><span class='ocrx_word' id='word_1_62' title='bbox 208 1788 457 1887; x_wconf 89' lang='lat' dir='ltr'>prehendenda</span> <span class='ocrx_word' id='word_1_63' title='bbox 490 1787 817 1876; x_wconf 81' lang='lat' dir='ltr'>animadvertimus,</span> <span class='ocrx_word' id='word_1_64' title='bbox 837 1778 979 1882; x_wconf 85' lang='lat' dir='ltr'>aliquid</span> <span class='ocrx_word' id='word_1_65' title='bbox 1007 1782 1140 1858; x_wconf 88' lang='lat' dir='ltr'>scilicet</span> <span class='ocrx_word' id='word_1_66' title='bbox 1172 1806 1272 1881; x_wconf 85' lang='lat' dir='ltr'>aequo</span> 
     </span>
     <span class='ocr_line' id='line_1_12' title="bbox 208 1908 1272 2008; baseline -0.001 -24"><span class='ocrx_word' id='word_1_67' title='bbox 208 1913 393 2008; x_wconf 79' lang='lat' dir='ltr'>grandim,</span> <span class='ocrx_word' id='word_1_68' title='bbox 411 1911 574 2008; x_wconf 89' lang='lat' dir='ltr'>adjuncta</span> <span class='ocrx_word' id='word_1_69' title='bbox 594 1910 744 2006; x_wconf 88' lang='lat' dir='ltr'>quadam</span> <span class='ocrx_word' id='word_1_70' title='bbox 767 1909 949 2007; x_wconf 77' lang='lat' dir='ltr'>J‘aotantia,</span> <span class='ocrx_word' id='word_1_71' title='bbox 975 1918 1008 1981; x_wconf 92' lang='lat' dir='ltr'>et</span> <span class='ocrx_word' id='word_1_72' title='bbox 1034 1908 1182 1982; x_wconf 90' lang='lat' dir='ltr'>humani</span> <span class='ocrx_word' id='word_1_73' title='bbox 1209 1933 1272 1983; x_wconf 89' lang='lat' dir='ltr'>cu-</span> 
     </span>
     <span class='ocr_line' id='line_1_13' title="bbox 204 2030 1271 2130; baseline 0.001 -24"><span class='ocrx_word' id='word_1_74' title='bbox 204 2034 333 2130; x_wconf 84' lang='lat' dir='ltr'>jusque</span> <span class='ocrx_word' id='word_1_75' title='bbox 363 2032 469 2104; x_wconf 88' lang='lat' dir='ltr'>teneri</span> <span class='ocrx_word' id='word_1_76' title='bbox 501 2031 645 2105; x_wconf 85' lang='lat' dir='ltr'>allectus</span> <span class='ocrx_word' id='word_1_77' title='bbox 675 2040 934 2129; x_wconf 88' lang='lat' dir='ltr'>contemptum,</span> <span class='ocrx_word' id='word_1_78' title='bbox 963 2030 999 2102; x_wconf 90' lang='lat' dir='ltr'>in</span> <span class='ocrx_word' id='word_1_79' title='bbox 1028 2031 1098 2104; x_wconf 93' lang='lat' dir='ltr'>hoc</span> <span class='ocrx_word' id='word_1_80' title='bbox 1129 2053 1271 2127; x_wconf 88' lang='lat' dir='ltr'>quoque</span> 
     </span>
     <span class='ocr_line' id='line_1_14' title="bbox 111 2151 1266 2251; baseline -0.001 -24"><span class='ocrx_word' id='word_1_81' title='bbox 111 2222 115 2236; x_wconf 20' lang='grc' dir='ltr'><strong>Χ</strong></span> <span class='ocrx_word' id='word_1_82' title='bbox 208 2153 494 2251; x_wconf 89' lang='lat' dir='ltr'>praestantissimo</span> <span class='ocrx_word' id='word_1_83' title='bbox 513 2153 630 2227; x_wconf 88' lang='lat' dir='ltr'>stoicae</span> <span class='ocrx_word' id='word_1_84' title='bbox 656 2152 791 2226; x_wconf 87' lang='lat' dir='ltr'>virtutis</span> <span class='ocrx_word' id='word_1_85' title='bbox 819 2151 1010 2251; x_wconf 90' lang='lat' dir='ltr'>specimine</span> <span class='ocrx_word' id='word_1_86' title='bbox 1036 2174 1179 2228; x_wconf 88' lang='lat' dir='ltr'>cernere</span> <span class='ocrx_word' id='word_1_87' title='bbox 1204 2164 1266 2227; x_wconf 90' lang='lat' dir='ltr'>est.</span> 
     </span>
     <span class='ocr_line' id='line_1_15' title="bbox 208 2272 1271 2372; baseline 0.003 -25"><span class='ocrx_word' id='word_1_88' title='bbox 208 2274 270 2348; x_wconf 86' lang='lat' dir='ltr'>Vix</span> <span class='ocrx_word' id='word_1_89' title='bbox 289 2272 455 2347; x_wconf 83' lang='lat' dir='ltr'>Catonern</span> <span class='ocrx_word' id='word_1_90' title='bbox 485 2297 628 2349; x_wconf 91' lang='lat' dir='ltr'>assensu</span> <span class='ocrx_word' id='word_1_91' title='bbox 657 2275 847 2372; x_wconf 87' lang='lat' dir='ltr'>comprobo</span> <span class='ocrx_word' id='word_1_92' title='bbox 877 2273 1023 2348; x_wconf 89' lang='lat' dir='ltr'>miseros</span> <span class='ocrx_word' id='word_1_93' title='bbox 1052 2273 1180 2348; x_wconf 91' lang='lat' dir='ltr'>milites</span> <span class='ocrx_word' id='word_1_94' title='bbox 1208 2299 1271 2372; x_wconf 92' lang='lat' dir='ltr'>per</span> 
     </span>
     <span class='ocr_line' id='line_1_16' title="bbox 209 2393 1270 2491; baseline 0 -23"><span class='ocrx_word' id='word_1_95' title='bbox 209 2395 343 2468; x_wconf 89' lang='lat' dir='ltr'>deserta</span> <span class='ocrx_word' id='word_1_96' title='bbox 356 2393 473 2491; x_wconf 73' lang='lat' dir='ltr'>libyae</span> <span class='ocrx_word' id='word_1_97' title='bbox 487 2395 697 2483; x_wconf 90' lang='lat' dir='ltr'>trahentem,</span> <span class='ocrx_word' id='word_1_98' title='bbox 712 2407 751 2468; x_wconf 86' lang='lat' dir='ltr'>ut</span> <span class='ocrx_word' id='word_1_99' title='bbox 764 2394 864 2491; x_wconf 92' lang='lat' dir='ltr'>plane</span> <span class='ocrx_word' id='word_1_100' title='bbox 878 2403 993 2490; x_wconf 87' lang='lat' dir='ltr'>pateat</span> <span class='ocrx_word' id='word_1_101' title='bbox 1009 2394 1164 2488; x_wconf 88' lang='lat' dir='ltr'>egregios</span> <span class='ocrx_word' id='word_1_102' title='bbox 1179 2395 1270 2469; x_wconf 90' lang='lat' dir='ltr'>viros</span> 
     </span>
     <span class='ocr_line' id='line_1_17' title="bbox 207 2512 1271 2610; baseline -0.001 -23"><span class='ocrx_word' id='word_1_103' title='bbox 207 2535 279 2587; x_wconf 93' lang='lat' dir='ltr'>non</span> <span class='ocrx_word' id='word_1_104' title='bbox 292 2513 457 2587; x_wconf 88' lang='lat' dir='ltr'>indecore</span> <span class='ocrx_word' id='word_1_105' title='bbox 476 2514 594 2608; x_wconf 86' lang='lat' dir='ltr'>lugere</span> <span class='ocrx_word' id='word_1_106' title='bbox 611 2514 780 2610; x_wconf 88' lang='lat' dir='ltr'>potuisse;</span> <span class='ocrx_word' id='word_1_107' title='bbox 800 2525 833 2587; x_wconf 91' lang='lat' dir='ltr'>et</span> <span class='ocrx_word' id='word_1_108' title='bbox 850 2513 967 2586; x_wconf 91' lang='lat' dir='ltr'>nescio</span> <span class='ocrx_word' id='word_1_109' title='bbox 985 2513 1069 2610; x_wconf 84' lang='lat' dir='ltr'>quid</span> <span class='ocrx_word' id='word_1_110' title='bbox 1088 2512 1219 2587; x_wconf 88' lang='lat' dir='ltr'>durum</span> <span class='ocrx_word' id='word_1_111' title='bbox 1237 2523 1271 2588; x_wconf 87' lang='lat' dir='ltr'>et</span> 
     </span>
     <span class='ocr_line' id='line_1_18' title="bbox 208 2635 1270 2732; baseline -0.001 -22"><span class='ocrx_word' id='word_1_112' title='bbox 208 2637 368 2711; x_wconf 88' lang='lat' dir='ltr'>inllatum</span> <span class='ocrx_word' id='word_1_113' title='bbox 380 2635 508 2709; x_wconf 83' lang='lat' dir='ltr'>hahere</span> <span class='ocrx_word' id='word_1_114' title='bbox 521 2636 606 2709; x_wconf 91' lang='lat' dir='ltr'>mihi</span> <span class='ocrx_word' id='word_1_115' title='bbox 617 2635 778 2709; x_wconf 89' lang='lat' dir='ltr'>videntur</span> <span class='ocrx_word' id='word_1_116' title='bbox 788 2658 827 2709; x_wconf 92' lang='lat' dir='ltr'>ea</span> <span class='ocrx_word' id='word_1_117' title='bbox 838 2635 966 2732; x_wconf 89' lang='lat' dir='ltr'>quibus</span> <span class='ocrx_word' id='word_1_118' title='bbox 981 2635 1127 2709; x_wconf 90' lang='lat' dir='ltr'>militem</span> <span class='ocrx_word' id='word_1_119' title='bbox 1143 2659 1270 2732; x_wconf 86' lang='lat' dir='ltr'>quem-</span> 
     </span>
     <span class='ocr_line' id='line_1_19' title="bbox 207 2757 1270 2856; baseline -0.002 -22"><span class='ocrx_word' id='word_1_120' title='bbox 207 2761 288 2834; x_wconf 91' lang='lat' dir='ltr'>dam</span> <span class='ocrx_word' id='word_1_121' title='bbox 304 2759 512 2856; x_wconf 89' lang='lat' dir='ltr'>alloquitur,</span> <span class='ocrx_word' id='word_1_122' title='bbox 528 2758 612 2832; x_wconf 93' lang='lat' dir='ltr'>dum</span> <span class='ocrx_word' id='word_1_123' title='bbox 631 2781 758 2854; x_wconf 86' lang='lat' dir='ltr'>aquam</span> <span class='ocrx_word' id='word_1_124' title='bbox 777 2758 819 2833; x_wconf 88' lang='lat' dir='ltr'>ab</span> <span class='ocrx_word' id='word_1_125' title='bbox 838 2781 878 2832; x_wconf 90' lang='lat' dir='ltr'>eu</span> <span class='ocrx_word' id='word_1_126' title='bbox 896 2757 1034 2832; x_wconf 88' lang='lat' dir='ltr'>allatam</span> <span class='ocrx_word' id='word_1_127' title='bbox 1061 2757 1270 2855; x_wconf 87' lang='lat' dir='ltr'>dedignatur</span> 
     </span>
     <span class='ocr_line' id='line_1_20' title="bbox 207 2876 1270 2977; baseline -0.003 -24"><span class='ocrx_word' id='word_1_128' title='bbox 207 2890 241 2953; x_wconf 90' lang='lat' dir='ltr'>et</span> <span class='ocrx_word' id='word_1_129' title='bbox 265 2879 435 2977; x_wconf 90' lang='lat' dir='ltr'>repellit¹.</span> <span class='ocrx_word' id='word_1_130' title='bbox 464 2877 676 2976; x_wconf 85' lang='lat' dir='ltr'>Simpliciter</span> <span class='ocrx_word' id='word_1_131' title='bbox 702 2900 828 2974; x_wconf 88' lang='lat' dir='ltr'>negare</span> <span class='ocrx_word' id='word_1_132' title='bbox 852 2876 989 2966; x_wconf 86' lang='lat' dir='ltr'>suisset,</span> <span class='ocrx_word' id='word_1_133' title='bbox 1018 2899 1096 2951; x_wconf 91' lang='lat' dir='ltr'>meo</span> <span class='ocrx_word' id='word_1_134' title='bbox 1124 2877 1270 2974; x_wconf 90' lang='lat' dir='ltr'>quidem</span> 
     </span>
     <span class='ocr_line' id='line_1_21' title="bbox 203 2999 565 3097; baseline -0.011 -23"><span class='ocrx_word' id='word_1_135' title='bbox 203 3001 351 3097; x_wconf 87' lang='lat' dir='ltr'>judicic,</span> <span class='ocrx_word' id='word_1_136' title='bbox 367 2999 565 3075; x_wconf 87' lang='lat' dir='ltr'>sublimius.</span> 
     </span>
    </p>

    <p class='ocr_par' dir='ltr' id='par_1_5' title="bbox 178 3118 1276 4065">
     <span class='ocr_line' id='line_1_22' title="bbox 254 3118 1270 3217; baseline 0 -25"><span class='ocrx_word' id='word_1_137' title='bbox 254 3121 332 3194; x_wconf 91' lang='lat' dir='ltr'>Non</span> <span class='ocrx_word' id='word_1_138' title='bbox 359 3142 484 3215; x_wconf 90' lang='lat' dir='ltr'>parum</span> <span class='ocrx_word' id='word_1_139' title='bbox 514 3142 655 3215; x_wconf 84' lang='lat' dir='ltr'>quoque</span> <span class='ocrx_word' id='word_1_140' title='bbox 683 3118 803 3192; x_wconf 85' lang='lat' dir='ltr'>Catoni</span> <span class='ocrx_word' id='word_1_141' title='bbox 835 3141 1040 3208; x_wconf 89' lang='lat' dir='ltr'>succenseo,</span> <span class='ocrx_word' id='word_1_142' title='bbox 1073 3118 1166 3217; x_wconf 90' lang='lat' dir='ltr'>quod</span> <span class='ocrx_word' id='word_1_143' title='bbox 1196 3130 1270 3192; x_wconf 91' lang='lat' dir='ltr'>tam</span> 
     </span>
     <span class='ocr_line' id='line_1_23' title="bbox 206 3240 1271 3340; baseline -0.002 -24"><span class='ocrx_word' id='word_1_144' title='bbox 206 3243 300 3340; x_wconf 88' lang='lat' dir='ltr'>parvi</span> <span class='ocrx_word' id='word_1_145' title='bbox 324 3241 485 3316; x_wconf 87' lang='lat' dir='ltr'>habuerit</span> <span class='ocrx_word' id='word_1_146' title='bbox 503 3241 698 3338; x_wconf 90' lang='lat' dir='ltr'>conjugiale</span> <span class='ocrx_word' id='word_1_147' title='bbox 727 3241 858 3329; x_wconf 78' lang='lat' dir='ltr'>ledus,</span> <span class='ocrx_word' id='word_1_148' title='bbox 884 3251 923 3314; x_wconf 92' lang='lat' dir='ltr'>ut</span> <span class='ocrx_word' id='word_1_149' title='bbox 944 3240 1042 3315; x_wconf 91' lang='lat' dir='ltr'>alteri</span> <span class='ocrx_word' id='word_1_150' title='bbox 1071 3240 1142 3314; x_wconf 91' lang='lat' dir='ltr'>viro</span> <span class='ocrx_word' id='word_1_151' title='bbox 1166 3262 1271 3314; x_wconf 91' lang='lat' dir='ltr'>suam</span> 
     </span>
     <span class='ocr_line' id='line_1_24' title="bbox 178 3361 1276 3460; baseline -0.002 -22"><span class='ocrx_word' id='word_1_152' title='bbox 178 3386 367 3452; x_wconf 84' lang='lat' dir='ltr'>uxorem,</span> <span class='ocrx_word' id='word_1_153' title='bbox 398 3387 466 3437; x_wconf 95' lang='lat' dir='ltr'>non</span> <span class='ocrx_word' id='word_1_154' title='bbox 492 3386 592 3437; x_wconf 90' lang='lat' dir='ltr'>secus</span> <span class='ocrx_word' id='word_1_155' title='bbox 622 3375 725 3460; x_wconf 86' lang='lat' dir='ltr'>atque</span> <span class='ocrx_word' id='word_1_156' title='bbox 753 3386 842 3460; x_wconf 87' lang='lat' dir='ltr'>equo</span> <span class='ocrx_word' id='word_1_157' title='bbox 870 3363 1099 3438; x_wconf 88' lang='lat' dir='ltr'>armentalem</span> <span class='ocrx_word' id='word_1_158' title='bbox 1122 3361 1276 3459; x_wconf 87' lang='lat' dir='ltr'>equam,</span> 
     </span>
     <span class='ocr_line' id='line_1_25' title="bbox 206 3487 1270 3583; baseline 0.002 -23"><span class='ocrx_word' id='word_1_159' title='bbox 206 3487 489 3583; x_wconf 89' lang='lat' dir='ltr'>conjungendam</span> <span class='ocrx_word' id='word_1_160' title='bbox 515 3487 714 3576; x_wconf 82' lang='lat' dir='ltr'>tradiderit,</span> <span class='ocrx_word' id='word_1_161' title='bbox 742 3487 971 3583; x_wconf 89' lang='lat' dir='ltr'>eamdemque</span> <span class='ocrx_word' id='word_1_162' title='bbox 990 3488 1032 3560; x_wconf 93' lang='lat' dir='ltr'>ad</span> <span class='ocrx_word' id='word_1_163' title='bbox 1052 3495 1193 3583; x_wconf 83' lang='lat' dir='ltr'>penates</span> <span class='ocrx_word' id='word_1_164' title='bbox 1211 3510 1270 3562; x_wconf 88' lang='lat' dir='ltr'>re-</span> 
     </span>
     <span class='ocr_line' id='line_1_26' title="bbox 204 3606 1269 3704; baseline 0.003 -24"><span class='ocrx_word' id='word_1_165' title='bbox 204 3606 370 3681; x_wconf 91' lang='lat' dir='ltr'>deuntem</span> <span class='ocrx_word' id='word_1_166' title='bbox 383 3620 453 3681; x_wconf 91' lang='lat' dir='ltr'>tam</span> <span class='ocrx_word' id='word_1_167' title='bbox 468 3607 590 3704; x_wconf 87' lang='lat' dir='ltr'>frigide</span> <span class='ocrx_word' id='word_1_168' title='bbox 602 3608 782 3704; x_wconf 85' lang='lat' dir='ltr'>exceperit,</span> <span class='ocrx_word' id='word_1_169' title='bbox 798 3608 896 3703; x_wconf 87' lang='lat' dir='ltr'>quasi</span> <span class='ocrx_word' id='word_1_170' title='bbox 912 3606 1132 3704; x_wconf 90' lang='lat' dir='ltr'>publicarum</span> <span class='ocrx_word' id='word_1_171' title='bbox 1146 3631 1269 3683; x_wconf 89' lang='lat' dir='ltr'>rerum</span> 
     </span>
     <span class='ocr_line' id='line_1_27' title="bbox 205 3731 1269 3820; baseline 0.001 -16"><span class='ocrx_word' id='word_1_172' title='bbox 205 3752 286 3805; x_wconf 91' lang='lat' dir='ltr'>cura</span> <span class='ocrx_word' id='word_1_173' title='bbox 316 3731 400 3804; x_wconf 91' lang='lat' dir='ltr'>alios</span> <span class='ocrx_word' id='word_1_174' title='bbox 422 3754 563 3820; x_wconf 79' lang='lat' dir='ltr'>omneS,</span> <span class='ocrx_word' id='word_1_175' title='bbox 587 3731 691 3805; x_wconf 89' lang='lat' dir='ltr'>etiam</span> <span class='ocrx_word' id='word_1_176' title='bbox 716 3731 969 3815; x_wconf 88' lang='lat' dir='ltr'>sanctissimos,</span> <span class='ocrx_word' id='word_1_177' title='bbox 990 3753 1112 3804; x_wconf 90' lang='lat' dir='ltr'>sensus</span> <span class='ocrx_word' id='word_1_178' title='bbox 1137 3731 1269 3806; x_wconf 88' lang='lat' dir='ltr'>exstin-</span> 
     </span>
     <span class='ocr_line' id='line_1_28' title="bbox 203 3850 1269 3947; baseline 0.004 -25"><span class='ocrx_word' id='word_1_179' title='bbox 203 3873 309 3944; x_wconf 89' lang='lat' dir='ltr'>guere</span> <span class='ocrx_word' id='word_1_180' title='bbox 328 3862 361 3923; x_wconf 90' lang='lat' dir='ltr'>et</span> <span class='ocrx_word' id='word_1_181' title='bbox 379 3850 575 3947; x_wconf 89' lang='lat' dir='ltr'>opprimere</span> <span class='ocrx_word' id='word_1_182' title='bbox 593 3850 743 3923; x_wconf 89' lang='lat' dir='ltr'>deberet.</span> <span class='ocrx_word' id='word_1_183' title='bbox 771 3850 836 3923; x_wconf 91' lang='lat' dir='ltr'>Hic</span> <span class='ocrx_word' id='word_1_184' title='bbox 856 3850 1138 3924; x_wconf 91' lang='lat' dir='ltr'>delicatissimam</span> <span class='ocrx_word' id='word_1_185' title='bbox 1157 3852 1269 3926; x_wconf 88' lang='lat' dir='ltr'>animi</span> 
     </span>
     <span class='ocr_line' id='line_1_29' title="bbox 203 3969 1269 4065; baseline 0.002 -23"><span class='ocrx_word' id='word_1_186' title='bbox 203 3979 336 4065; x_wconf 91' lang='lat' dir='ltr'>partem</span> <span class='ocrx_word' id='word_1_187' title='bbox 356 3969 567 4065; x_wconf 84' lang='lat' dir='ltr'>ignoravisse</span> <span class='ocrx_word' id='word_1_188' title='bbox 588 3971 747 4044; x_wconf 91' lang='lat' dir='ltr'>Porticus</span> <span class='ocrx_word' id='word_1_189' title='bbox 770 3970 857 4043; x_wconf 91' lang='lat' dir='ltr'>mihi</span> <span class='ocrx_word' id='word_1_190' title='bbox 875 3969 1012 4044; x_wconf 89' lang='lat' dir='ltr'>videtur</span> <span class='ocrx_word' id='word_1_191' title='bbox 1034 3981 1069 4045; x_wconf 90' lang='lat' dir='ltr'>et</span> <span class='ocrx_word' id='word_1_192' title='bbox 1089 3970 1269 4045; x_wconf 89' lang='lat' dir='ltr'>nobilissi-</span> 
     </span>
    </p>
   </div>
   <div class='ocr_carea' id='block_1_3' title="bbox 239 4246 586 4319">
    <p class='ocr_par' dir='ltr' id='par_1_6' title="bbox 239 4246 586 4319">
     <span class='ocr_line' id='line_1_30' title="bbox 239 4246 586 4319; baseline 0.003 -16"><span class='ocrx_word' id='word_1_193' title='bbox 239 4247 245 4282; x_wconf 79' lang='lat'>¹</span> <span class='ocrx_word' id='word_1_194' title='bbox 263 4246 376 4317; x_wconf 75' lang='lat' dir='ltr'>Ptars,</span> <span class='ocrx_word' id='word_1_195' title='bbox 392 4247 510 4319; x_wconf 86' lang='lat' dir='ltr'>t.1x,v.</span> <span class='ocrx_word' id='word_1_196' title='bbox 526 4253 586 4307; x_wconf 79' lang='lat'><strong>505.</strong></span> 
     </span>
    </p>
   </div>
   <div class='ocr_carea' id='block_1_4' title="bbox 0 0 1490 5190">
    <p class='ocr_par' dir='ltr' id='par_1_7' title="bbox 0 0 1490 5190">
     <span class='ocr_line' id='line_1_31' title="bbox 0 0 1490 5190; baseline 0 2"><span class='ocrx_word' id='word_1_197' title='bbox 0 0 1490 5190; x_wconf 95' lang='lat' dir='ltr'> </span> 
     </span>
    </p>
   </div>
  </div>
 </body>
</html>
