2948 5220
203 3516 250 3583 :fl

822 536 871 610 50

421 684 502 752 Quod
517 684 569 739 nisi
583 683 709 754 cognatis
722 683 853 739 membris
868 684 996 738 contexta
1009 682 1132 735 maneret

420 779 562 848 Machina,
576 784 605 835 et
617 780 746 850 inposito
759 783 868 849 pareret
878 782 936 834 tota
948 776 1093 847 magistro,

420 876 458 932 Ac
471 879 577 932 tautum
590 874 684 932 mnudi
698 880 806 945 regeret
818 873 964 945 prudentia
976 882 1104 938 censum,

420 1061 481 1118 Nou
494 1060 597 1116 imbres
610 1059 717 1116 alerent
729 1065 830 1128 terras,
844 1070 899 1114 uon
911 1056 1013 1113 aethera
1025 1055 1113 1124 veuu,

419 1153 477 1211 Nec
490 1159 593 1223 pontus
604 1154 732 1224 mandas
744 1153 849 1221 nubes,
865 1166 916 1207 nec
929 1151 1040 1206 flumina
1052 1151 1182 1219 pontum,

418 1251 475 1308 Nec
488 1251 605 1322 polagus
619 1251 727 1307 tontes:
744 1264 796 1306 uec
809 1254 896 1306 staret
908 1260 1014 1304 summa
1026 1260 1076 1317 per
1086 1256 1183 1301 omues

418 1344 471 1399 Par
482 1357 591 1414 semper
602 1350 696 1414 partes
708 1356 788 1414 aequo
804 1343 912 1413 digesta
924 1345 1046 1412 parente.

418 1536 512 1593 Motus
526 1535 589 1606 alit,
602 1549 657 1591 uon
674 1540 762 1593 mutat
774 1548 862 1607 opus:
876 1535 918 1590 sic
932 1535 1023 1590 omnia
1035 1536 1094 1588 toto

417 1633 582 1704 Dispensata
594 1639 706 1691 manent
718 1634 837 1703 mundo,
850 1633 1045 1701 dominumque
1058 1625 1242 1700 sequunturt

361 1808 454 1885 Raro
480 1811 573 1886 Deus
599 1811 674 1903 ille,
704 1811 765 1908 qui
794 1812 912 1887 omnia
941 1806 1187 1908 complectitur
1212 1789 1378 1900 idemque

314 1926 426 2023 gignit
440 1939 474 2002 et
488 1940 674 2028 temperat,
693 1954 820 2028 parens
838 1930 994 2005 simulet
1015 1937 1129 2004 rector
1143 1925 1286 2013 mundi,
1304 1935 1376 1998 tam

313 2053 506 2152 splendidis
524 2055 683 2154 depictus
698 2058 765 2131 luit
782 2055 969 2131 coloribus.
989 2052 1252 2128 illustrissimus
1269 2050 1378 2148 hujus

314 2185 441 2249 nostrae
462 2177 573 2250 aetatis
604 2189 697 2253 vates
723 2179 816 2253 hanc
842 2177 1067 2251 Manilianam
1093 2170 1378 2272 amplitudinem,

314 2320 371 2374 mo
386 2301 528 2396 quidem
542 2303 681 2402 judice,
698 2326 919 2401 nequaquam
934 2310 1144 2376 consecutus
1158 2309 1227 2387 est,
1244 2297 1378 2371 inscius

314 2420 407 2495 circa
427 2445 550 2497 sensus
574 2425 716 2500 eosdem
739 2448 821 2499 cum
840 2425 900 2498 illo
924 2423 1120 2498 aemulatus.
1145 2419 1256 2493 Deum
1283 2417 1378 2491 onim

314 2566 411 2619 nunc
426 2546 585 2620 nominat
598 2548 673 2623 sine
689 2548 789 2623 litore
801 2549 998 2638 Oceanum;
1017 2567 1113 2619 nunc
1128 2543 1245 2617 locum
1261 2563 1378 2638 equo,

315 2684 385 2736 non
399 2687 500 2739 secus
512 2688 553 2740 ac
568 2667 738 2757 scintilla,
754 2689 975 2764 unaquaeque
989 2663 1118 2739 emicat
1130 2661 1266 2753 anima;
1281 2682 1380 2734 nunc

315 2786 444 2861 molem
460 2789 650 2885 qnamdam
666 2790 768 2887 cujus
786 2791 852 2865 vita
871 2789 986 2863 omnis
1003 2788 1096 2862 velut
1119 2784 1289 2883 particula
1308 2793 1379 2873 est,

316 2926 468 3001 eumque
491 2907 575 2980 dicit
597 2908 807 2982 immensam
833 2908 1102 3003 universamque
1121 2903 1232 2979 vivere
1254 2903 1380 2993 vitam,

316 3049 435 3101 rerum
452 3038 575 3103 natura
589 3030 744 3127 priorem
758 3030 864 3104 simul
882 3040 916 3104 et
932 3029 1159 3129 posteriorem
1172 3029 1196 3098 ².

366 3143 545 3229 Quantum
567 3149 690 3223 Gallici
714 3160 824 3248 poetae
848 3171 984 3238 versus,
1006 3146 1118 3221 verbis
1142 3154 1178 3219 et
1198 3143 1380 3220 sententiis

314 3282 445 3367 purum
459 3269 689 3360 cohaerentes,
705 3294 816 3368 quum
830 3271 916 3362 illis,
934 3281 1010 3346 tum
1024 3269 1079 3344 his
1094 3290 1234 3367 quoque
1247 3265 1381 3342 Manilii

350 3578 361 3619 ¹
378 3577 470 3654 Idem,
486 3595 510 3638 v.
526 3584 569 3639 67.

356 3672 465 3753 {Diem
480 3680 565 3750 Dieu,
579 3679 663 3750 Dieu,
678 3693 737 3736 mer
751 3694 816 3737 sans
829 3679 926 3751 borda,
942 3680 990 3751 qui
1003 3679 1127 3737 contient
1141 3681 1202 3736 tout
1214 3691 1248 3735 eu
1261 3677 1329 3748 elle,

355 3770 443 3841 Foyer
455 3772 522 3828 dont
538 3772 645 3842 chaque
659 3772 701 3827 vie
715 3777 756 3827 est
769 3772 794 3828 la
808 3772 869 3842 pale
882 3771 1023 3844 concello,

352 3861 416 3919 Bloc
430 3863 497 3920 dont
508 3860 615 3936 attare
629 3864 767 3920 existence
781 3869 889 3922 estune
902 3862 1157 3935 humbleparcelle‚

545 3962 548 3967 '
562 3961 634 4030 Qu'il
649 3963 708 4018 vive
725 3976 755 4018 sa
768 3963 811 4018 vie
824 3961 969 4032 eternelle,

564 4056 719 4127 complete,
735 4057 881 4128 immense,
899 4055 1075 4127 universate,

560 4151 648 4209 luant
660 4151 686 4208 la
699 4155 810 4224 nature,
825 4150 1013 4225 amentium
1027 4216 1047 4239 Ι,

876 4245 1033 4351 inuramus
1048 4242 1150 4315 (Clota
1163 4241 1232 4299 dnn
1246 4241 1343 4315 eope).
