2970 5190
700 504 772 575 132

209 648 330 723 debuit
350 650 474 723 vocari.
503 648 590 722 Cum
614 650 707 723 enim
736 648 778 721 de
800 647 958 721 minimis
982 647 1207 735 deliberetur,
1231 647 1277 720 de

206 767 366 840 maximis
385 789 454 841 non
473 767 656 841 deliberari
674 765 932 864 perabsurdum
949 778 1011 839 cst.
1026 765 1145 861 ltaque
1160 764 1276 862 philo-

206 890 338 987 sophus
355 890 446 962 inter
463 899 617 963 recentes
633 889 838 986 praeclarus,
857 885 1040 961 Russellus
1058 895 1193 975 noster,
1209 909 1274 984 po-

205 1010 286 1100 tuit,
318 1010 487 1085 ineolumi
515 1012 624 1097 lama,
648 1011 684 1083 in
701 1009 897 1084 fabulosam
921 1008 1158 1082 narrationem
1183 1007 1273 1081 duas

207 1130 374 1205 inducere
391 1153 574 1229 personas,
589 1141 709 1204 utrum
727 1130 863 1204 homini
879 1129 987 1206 tribui
1006 1153 1048 1202 an
1070 1129 1193 1231 negari
1208 1129 1271 1202 de-

207 1264 283 1326 ceat
306 1253 364 1350 jus
386 1252 452 1326 sibi
481 1276 607 1327 manus
633 1252 804 1327 inserendi
827 1261 988 1326 accurate
1014 1251 1271 1348 perquirentes

206 1372 288 1446 Haec
314 1373 419 1468 igitur
444 1374 585 1447 Senecae
609 1396 712 1447 scena
733 1383 893 1446 nontam
916 1372 995 1445 ideo
1019 1370 1109 1444 mihi
1133 1371 1273 1445 videtur

205 1495 447 1593 vituperanda,
466 1498 559 1594 quod
577 1497 622 1570 sit
640 1498 755 1570 omnis
777 1519 898 1593 expers
912 1496 1065 1570 veritatis
1084 1506 1118 1569 et
1142 1495 1272 1569 rationi
1355 1487 1357 1489 ’

205 1620 350 1694 omnino
366 1631 553 1718 repugnet,
567 1641 673 1715 quam
691 1619 784 1716 quod
800 1618 1014 1693 esthistoriae
1026 1619 1174 1692 minime
1190 1640 1273 1692 con·

206 1753 368 1818 senunea
394 1764 589 1841 parumque
616 1755 694 1840 apta
719 1742 846 1817 animis
872 1742 1091 1816 audientium
1107 1764 1271 1816 commo-

196 1861 333 1935 nendis.
614 1948 619 1954 ¹
813 1882 816 1886 ’

156 2049 160 2056 .
254 1981 345 2055 Sunt
367 1981 442 2054 aliae
467 1981 502 2053 in
530 1980 671 2054 Senecae
696 1981 872 2076 tragoediis
900 1980 1098 2070 sententiae,
1123 1992 1166 2055 ut
1193 2003 1273 2054 vere

210 2103 353 2178 Porticu
372 2103 485 2197 dignae
503 2113 537 2175 et
561 2102 838 2197 significantibus
860 2103 973 2177 verbis
992 2103 1198 2194 enuntiatae,
1225 2105 1272 2178 ita

210 2225 388 2318 personis,
406 2221 554 2318 tempori
572 2232 606 2295 et
623 2220 699 2295 loco
716 2204 866 2294 maxime
884 2221 1195 2296 disconvenientes.
1310 2221 1311 2224 ’

257 2344 525 2441 Clytemnestra,
546 2343 650 2442 paulo
669 2354 855 2440 antequam
874 2345 988 2418 securi
1007 2343 1165 2417 medium
1189 2344 1275 2417 divi·

209 2465 270 2538 dat
286 2465 472 2552 maritum,
501 2463 543 2538 de
569 2464 666 2538 venia
690 2464 842 2562 peccatis
864 2464 1051 2568 tribuentia
1077 2464 1211 2538 mirum
1237 2464 1273 2536 in

207 2587 355 2662 modum
372 2585 545 2682 loquitur:

314 2817 321 2833 .
359 2816 366 2832 .
406 2816 412 2830 .
432 2775 498 2831 Sera
512 2787 650 2844 nunquam
663 2779 707 2831 cst
719 2774 753 2831 ad
766 2775 856 2831 bonos
870 2788 961 2832 mores
973 2776 1025 2832 via.

212 2910 216 2915 -
316 2873 403 2940 Quem
419 2871 534 2942 poenilet
547 2883 692 2940 peccasse,
705 2884 776 2942 pene
789 2875 832 2927 est
846 2871 981 2928 innocens
991 2870 1007 2926 ¹.

312 3059 366 3116 Det
378 3058 424 3115 ille
437 3059 543 3116 veniam
555 3057 650 3129 facile,
667 3058 712 3115 cui
724 3059 804 3115 venia
817 3063 861 3116 est
874 3057 972 3131 opus2.

258 3222 388 3300 Audire
406 3222 528 3297 credas
543 3222 746 3298 Ciceronem
764 3223 814 3298 sic
838 3223 1113 3298 stoicissautem:
1136 3223 1276 3298 «Haud

213 3349 284 3423 scio
303 3347 444 3422 ansulis
463 3347 507 3420 sit
524 3369 623 3437 eum,
642 3347 702 3443 qui
723 3349 928 3437 lacessierit,
951 3349 1087 3446 injuriae
1105 3371 1177 3422 suae
1196 3371 1275 3446 poe-

212 3471 323 3545 nitere
336 3472 399 3558 ³,r
421 3480 482 3543 aut
499 3468 615 3566 ipsum
629 3468 807 3544 Christum
825 3470 1029 3545 demuliere
1046 3470 1082 3542 in
1099 3468 1275 3544 adulterio

214 3591 430 3689 deprehensa
447 3589 632 3664 Pharisaeis
646 3589 837 3663 dicentem:
856 3589 950 3674 «Qui
970 3589 1046 3663 sine
1062 3598 1205 3688 peccato
1221 3600 1277 3663 est

212 3723 384 3804 vestrum,
402 3696 537 3812 primus
553 3711 590 3785 iu
608 3711 704 3785 illam
723 3711 872 3809 lapidem
892 3704 1074 3785 ruinart»

242 3931 252 3971 ¹
266 3936 330 3990 Seu.
343 3937 458 4006 Apum,
473 3947 498 3990 v.
511 3937 574 3993 242.

177 4019 178 4022 ’
243 4021 363 4098 troam,
383 4040 407 4082 v.
428 4028 488 4085 267.
554 4016 556 4019 ’

243 4117 632 4192 3erc.neoff.,t1‚c.u.

242 4213 254 4251 ⁴
267 4217 375 4286 Eoonp.
387 4208 441 4272 seo]
456 4217 551 4286 lnam,
567 4230 592 4273 c.
604 4217 671 4275 Vlll.
