2970 5190
707 433 755 507 98

202 592 301 664 nium
324 613 398 663 esse
420 598 608 684 coeperant.
640 581 806 655 lnciduut
828 582 927 655 eninr
955 594 1149 681 tempora,
1175 613 1297 686 quum

200 711 437 810 philosophia,
455 731 525 782 non
544 728 646 782 secus
663 725 704 776 ac
722 701 860 790 lumen,
879 705 990 778 etiam
1017 709 1159 784 aversis
1182 711 1295 788 lucet.

199 836 320 931 ltaque
338 834 420 908 alibi
439 833 497 906 hic
514 843 633 931 poeta,
652 826 883 925 philosophie
903 828 1077 926 iniquus,
1098 836 1296 911 contendit

199 960 382 1047 homines,
408 955 628 1054 philosophia
651 953 758 1039 duce,
781 951 914 1026 multos
938 953 1099 1030 devitare
1123 981 1293 1052 errores,

200 1083 311 1156 multa
329 1102 453 1155 exuere
477 1078 574 1166 ritia3
598 1088 634 1150 et
650 1072 767 1169 magni
789 1071 863 1146 vult
880 1097 958 1149 esse
983 1081 1170 1154 momenti
1195 1106 1293 1180 prae-

200 1215 300 1303 cepta
315 1203 511 1303 sapientiae,
527 1223 633 1298 quarn
650 1196 1012 1274 Fortunae'victricem
1031 1205 1200 1301 appellat
1212 1209 1239 1281 ¹.

235 1314 335 1404 ¹Inde
362 1328 402 1400 fit
430 1347 570 1424 quoque
597 1335 656 1411 ut,
686 1343 903 1417 quamquam
934 1345 1068 1418 parum
1097 1330 1291 1406 studiosus

201 1451 403 1526 chartarum
416 1448 687 1533 socraticarum,
700 1442 984 1523 Socratistamen
999 1447 1291 1527 celeberrimum

200 1583 415 1671 preceptum
431 1571 504 1647 suis
521 1570 673 1644 illustret
687 1565 968 1657 commentariis,
986 1577 1023 1643 et
1039 1572 1149 1666 quasi
1166 1573 1290 1650 divino

201 1692 339 1769 afflatus
356 1691 480 1791 spiritu
498 1688 689 1764 exclamet:

362 1919 550 1935 .....
570 1871 1069 1948 mmmmfflmffimmm

360 1974 1024 2054 ffimmmmmmwmmmmst

254 2151 357 2242 Esto,
386 2150 479 2226 dicet
511 2149 655 2222 sortasse
690 2145 834 2243 aliquis,
867 2144 1142 2245 philosophatus
1179 2152 1291 2228 fuerit

203 2275 400 2366 luvenalis,
428 2284 469 2348 ut
496 2294 560 2347 nos
587 2293 709 2346 omnes
733 2270 1027 2368 philosophamur
1059 2273 1124 2368 qui
1156 2297 1287 2351 rernm

203 2397 529 2498 philosophicarum
559 2415 630 2468 non
660 2415 784 2468 sumus
812 2392 917 2491 plane
942 2393 1068 2483 rudes,
1093 2407 1130 2470 et
1158 2397 1285 2495 philo-

204 2523 397 2622 sophorum
429 2517 651 2594 interfuimus
686 2515 873 2614 aliquando
904 2517 1162 2596 certaminibus
1173 2548 1185 2612 ;
1220 2525 1284 2599 sed

205 2639 384 2719 difficilem
407 2660 661 2735 onerosumque
680 2636 769 2711 mihi
786 2635 913 2710 videris
930 2638 1112 2737 suscipere
1135 2644 1285 2739 provin-

206 2766 316 2858 ciam,
334 2767 362 2842 si
382 2764 514 2864 aliquid
534 2785 609 2837 vere
627 2761 777 2836 stoicum
795 2760 844 2833 vis
860 2760 1125 2858 deprehendere
1141 2765 1177 2838 in
1199 2790 1280 2843 car«

206 2890 361 2965 minibus
391 2898 501 2987 poetae
528 2885 588 2983 qui
620 2884 712 2959 clare
740 2881 991 2980 enucleateque
1016 2885 1083 2960 tihi
1109 2886 1213 2981 dixit,
1246 2916 1284 2968 se

207 3013 416 3101 stoicorum,
443 3033 487 3085 ne
514 3009 719 3085 summatim
740 3007 900 3104 quidem,
927 3007 1082 3104 attigisse
1101 3009 1282 3107 dogmata.

208 3135 299 3223 Quin
321 3135 446 3222 ctiam,
468 3131 644 3208 luvenalis
669 3132 754 3206 adeo
774 3119 845 3206 non
864 3132 1027 3228 congruit
1046 3155 1130 3207 curn
1148 3136 1284 3215 stoico-

208 3259 475 3336 rumtmorihus
502 3269 537 3333 et
560 3267 706 3347 natura,
737 3268 776 3332 ut
801 3256 1057 3357 pulcherrimos
1084 3282 1209 3335 versus
1239 3264 1284 3340 de

209 3378 449 3455 misericordia
481 3376 691 3466 condiderit,
719 3401 824 3474 quem
849 3400 993 3451 sensum
1020 3379 1119 3452 stoici
1147 3379 1283 3480 longis-

210 3499 298 3574 sime
315 3498 436 3575 abesse
454 3496 577 3572 dicunt
594 3496 638 3571 ab
654 3517 694 3570 co
710 3520 816 3593 quem
833 3506 996 3594 quaerunt
1012 3496 1208 3595 sapientem
1220 3502 1247 3576 ³.

259 3622 373 3712 Adde,
391 3621 420 3697 si
439 3621 572 3719 placet,
592 3629 751 3695 nostrum
770 3629 909 3718 poetam
935 3642 1005 3695 non
1024 3619 1133 3694 semel
1150 3621 1283 3698 stoicos

212 3746 317 3824 luisse
350 3747 582 3836 insectatum,
613 3747 741 3843 quippe
773 3744 834 3840 qui
865 3766 961 3819 nunc
992 3744 1096 3819 relert
1126 3747 1281 3822 stoicum

249 3982 588 4053 Ummfflmuw

248 4080 567 4159 Hmwfflmm.

250 4175 603 4250 Ummmwffiwt
