2970 5190
711 469 757 541 78

305 618 362 673 Hoc
376 616 472 687 igitur,
487 629 542 687 quo
557 621 586 674 tu
599 617 675 674 ioris
686 600 780 673 aurem
795 615 936 685 impellere
947 617 1052 684 tentas,
1191 701 1193 706 ,

305 714 355 770 Dic
368 712 494 783 agedium
509 714 597 770 Staio:
612 713 683 769 Proh
698 711 816 782 Jupiteri
832 724 848 767 o
862 711 947 782 bone,
961 711 1076 782 clamet,

306 805 427 878 Jupiter!
442 812 471 865 at
484 822 546 866 sese
559 822 614 866 uon
629 808 729 866 elamet
742 809 849 878 tupiter
861 807 920 879 ipse
934 803 955 860 ¹i

249 977 285 1052 Si
304 989 337 1052 te
351 987 384 1051 et
401 987 503 1052 tuum
518 976 727 1051 sceleratum
751 985 856 1073 caput
873 995 944 1049 non
958 973 1172 1073 jamdudum
1195 971 1269 1047 ful-

202 1098 297 1172 mine
315 1097 503 1195 percussit,
521 1119 612 1171 num

307 1296 414 1354 Idcirco
428 1296 556 1353 stolidam
570 1295 674 1367 praebet
688 1295 738 1352 tibi
754 1294 854 1351 vellere
869 1293 982 1351 barbam

307 1393 426 1460 tupiter!
443 1397 490 1449 aut
503 1391 633 1462 quidnam
647 1394 702 1459 est,
721 1404 775 1460 qua
789 1393 820 1446 tu
832 1388 958 1446 mercede
971 1387 1084 1446 deorum

308 1485 413 1543 limeris
425 1483 584 1542 auriculas?
596 1485 725 1557 pulmone
738 1487 766 1540 et
777 1482 897 1540 lactibus
910 1481 1001 1539 unctis
1010 1480 1042 1538 2?

251 1648 313 1725 His
336 1649 494 1726 versibus
526 1649 644 1724 confer
672 1649 812 1722 Senecae
839 1645 1005 1745 praeclara
1036 1644 1157 1735 verba,
1189 1667 1272 1742 quae

203 1771 362 1846 eamdem
379 1770 531 1845 severius
549 1768 734 1844 enuntiant
749 1767 974 1856 sententiam,
993 1765 1172 1864 atquibus
1197 1787 1271 1840 non

203 1890 302 1965 video
325 1890 409 1987 quid
434 1890 555 1965 Patres
580 1889 762 1979 Ecclesiae,
790 1889 832 1963 ad
851 1910 1067 1987 paganorum
1091 1887 1273 1962 debellan-

204 2014 285 2087 dam
301 2011 523 2109 religionem,
542 2011 754 2110 adjecerint:
778 2011 941 2086 «Colitur
962 2021 1080 2086 autem
1102 2033 1173 2086 non
1193 2023 1273 2085 tau-

205 2159 327 2211 rorum
345 2135 472 2232 opimis
492 2135 698 2233 corporibus
723 2134 993 2224 contrucidatis,
1018 2156 1083 2209 nec
1102 2157 1188 2208 auro
1214 2159 1273 2210 ar-

207 2265 381 2352 gentoque
398 2277 590 2353 suspenso,
609 2278 674 2329 nec
692 2256 729 2329 in
746 2254 928 2330 thesauros
946 2255 1035 2354 stipe
1060 2254 1191 2346 infusa,
1209 2255 1272 2330 sed

204 2380 262 2477 pia
280 2389 314 2453 et
332 2390 425 2454 recta
444 2379 691 2454 voluntate³.›>
1214 2387 1218 2396 '

253 2502 344 2576 Tum
370 2503 512 2576 Persius
537 2503 656 2578 minus
684 2502 845 2578 nocentia
870 2498 1012 2600 quidem
1040 2503 1152 2600 carpit
1175 2513 1273 2594 vota,

206 2625 266 2699 sed
285 2648 362 2722 quae
380 2635 499 2700 tamen
516 2650 604 2700 verae
628 2627 753 2701 rationi
771 2625 925 2700 multum
948 2625 1156 2723 discrepant.
1182 2626 1273 2700 Phi-

206 2751 364 2848 losophia
384 2750 480 2826 enim
504 2751 677 2849 ejusmodi
700 2739 869 2848 est,'quae
886 2749 974 2823 nibil
1000 2772 1070 2825 non
1092 2749 1198 2823 modo
1217 2749 1274 2824 in-

201 2873 356 2972 justum,
386 2874 447 2949 sed
477 2874 581 2948 etiarn
602 2872 824 2964 absurdum,
850 2896 1001 2970 usquam
1029 2884 1089 2947 aut
1116 2872 1186 2947 dici
1213 2886 1276 2949 aut

206 2993 281 3067 lieri
298 3016 398 3090 aequo
421 2993 539 3067 animo
558 2994 728 3091 patiatur,
748 3005 780 3068 et
799 2992 917 3068 omnia
935 2993 1093 3067 funditus
1112 2993 1275 3090 repudiet

207 3097 286 3210 quae
304 3114 464 3189 homines
482 3114 544 3188 Dei
567 3104 706 3211 igmaros
729 3138 840 3211 usque
867 3114 911 3190 ad
936 3112 1071 3188 belluas
1095 3112 1272 3212 dejiciant.

207 3233 293 3307 Vide
308 3234 430 3308 stultas
448 3234 531 3308 istas
558 3258 645 3309 anus
668 3235 810 3309 infantis
831 3233 867 3307 in
894 3234 1079 3308 cunabulis
1105 3233 1274 3324 reclineS,

208 3353 358 3428 frontem
375 3364 410 3428 et
431 3354 555 3429 labella
573 3354 687 3429 salivis
708 3353 900 3452 expiantes,
919 3353 1105 3451 ineptaque
1122 3363 1199 3426 vota
1223 3352 1276 3427 fa-

208 3475 354 3566 cientes,
373 3485 407 3550 et
424 3476 480 3552 dic
498 3477 705 3573 quantulam
724 3477 842 3551 sedem
859 3476 981 3551 vetulis
997 3476 1102 3551 bisin
1121 3475 1275 3576 cerebris

207 3606 356 3693 occupet
370 3596 581 3672 acerrimum
598 3598 706 3688 illud,
726 3597 862 3672 bomini
886 3597 1007 3673 datum
1029 3596 1152 3687 aDeo,
1174 3597 1275 3694 inge-

210 3720 355 3795 niumlt

126 4002 129 4008 ,
248 3945 343 4004 ¹Pers.
356 3947 418 4003 Sat.
431 3948 505 4017 ll,v.
519 3949 562 4004 ti.

245 4042 361 4114 Πάθη,
376 4057 402 4100 v.
415 4045 459 4102 28.

246 4141 257 4181 ³
271 4146 333 4201 Seu.
348 4146 440 4215 Epist.
454 4147 516 4199 lit.

246 4239 257 4276 ⁴
270 4241 343 4295 Pers.
358 4240 395 4309 ll,
410 4253 434 4296 v.
448 4243 491 4294 3t.
