2970 5190
843 545 891 618 62

383 688 490 763 Multa
502 689 568 766 alia
581 690 723 788 subjicit
736 692 1068 767 Maniliusdeanimi
1082 696 1191 767 nostri
1203 699 1403 792 praestantia

334 810 428 884 etde
447 810 587 884 dotibus
611 811 738 907 quibus
757 813 969 887 subornatus
996 813 1032 885 in
1054 813 1159 886 vitam
1179 816 1290 905 venit,
1310 816 1403 890 unde

334 933 519 1006 conficitur
547 933 638 1006 inter
667 934 820 1007 divinam
847 935 1111 1032 humanamque
1140 947 1300 1011 mentem
1329 961 1404 1013 esse

334 1050 459 1126 miram
477 1053 741 1149 cognationem,
756 1064 809 1144 et,
828 1055 936 1142 hanc,
956 1075 1027 1128 non
1045 1077 1147 1129 secus
1163 1067 1270 1152 atque
1287 1057 1401 1148 illam,

333 1174 568 1248 immortalem
586 1175 679 1249 iore:

442 1397 481 1452 ln
496 1409 634 1466 quoquam
646 1398 768 1467 genitos,
783 1399 837 1454 uisi
850 1400 934 1469 coelo,
951 1397 1064 1456 credere
1077 1398 1120 1455 fas
1130 1405 1176 1454 est

441 1492 509 1548 Esse
523 1490 665 1548 homines?
679 1495 803 1563 Projecta
812 1495 908 1565 jacent
920 1495 1048 1552 animalia
1062 1499 1137 1551 muta

441 1589 470 1644 ln
485 1591 572 1658 terra,
587 1588 629 1644 vel
644 1603 733 1644 mersa
746 1588 838 1661 vadis,
850 1590 894 1647 vel
906 1591 934 1646 in
947 1603 1011 1648 aere
1025 1590 1154 1662 pendent.

413 1680 416 1685 ’
440 1682 575 1739 Omnibus
588 1696 643 1738 una
658 1682 751 1752 quies,
765 1683 878 1738 venter¹
881 1724 932 1740 .....
991 1742 996 1753 ,

382 1869 485 1945 Solus
504 1869 643 1945 animus
661 1869 835 1960 hominis,
854 1871 898 1945 ad
913 1870 1118 1947 sublimiora
1134 1872 1256 1947 enisus

441 2079 569 2136 Edomnit
582 2083 682 2135 terram
697 2079 731 2135 ad
745 2078 853 2152 fruges,
866 2080 995 2137 animalia
1008 2081 1095 2152 cepit,

440 2177 627 2246 Imposuitque
641 2177 711 2234 viam
724 2182 823 2248 ponto,
837 2177 914 2234 stetit
927 2191 1000 2236 unus
1013 2180 1040 2235 in
1054 2192 1144 2236 arcem

441 2272 557 2328 Erectus
571 2273 685 2345 capitis,
700 2273 843 2343 victorque
856 2274 891 2330 ad
905 2272 996 2332 sidera
1009 2275 1094 2332 mittit

440 2367 570 2424 Sidereos
585 2368 697 2438 oculos,
713 2369 881 2439 propiusque
894 2372 1020 2438 aspectat
1035 2368 1191 2439 Olympum,

440 2463 611 2533 lnquiritque
624 2465 730 2532 lovem,
745 2478 796 2519 nec
809 2464 868 2525 sola
882 2463 972 2520 fronte
986 2465 1105 2522 Deorum

441 2563 594 2616 Contentus
609 2565 714 2631 manet,
727 2564 755 2616 at
768 2560 867 2617 coelum
882 2564 1023 2617 scrutator
1034 2561 1061 2617 in
1075 2561 1144 2631 alto,

443 2655 648 2723 cognatumque
662 2666 781 2723 sequens
795 2667 896 2723 corpus
910 2668 940 2710 se
954 2655 1053 2724 quaerit
1067 2655 1094 2709 in
1107 2653 1190 2710 astris
1199 2652 1220 2709 ².

385 2845 512 2937 Stoici,
539 2846 598 2943 qui
628 2845 776 2920 credunt
805 2855 959 2918 mentem
990 2854 1146 2918 nostram
1175 2843 1315 2942 corpori
1344 2867 1407 2917 su-

338 2970 517 3066 perstitem
536 2970 623 3058 lore,
639 2967 760 3042 volunt
774 2968 910 3042 animos
925 2968 1001 3065 qui,
1020 2990 1082 3064 per
1099 2967 1205 3064 hujus
1219 2967 1297 3040 vitae
1315 2977 1407 3041 tem-

338 3115 420 3189 puS,
439 3092 518 3189 puri
536 3102 571 3166 et
596 3115 614 3165 a
634 3091 781 3166 terrenis
807 3091 1057 3189 cupiditatibus
1075 3091 1198 3165 intacti
1225 3112 1407 3180 remanse-

338 3228 440 3304 runt,
456 3215 611 3313 corporis
625 3215 747 3290 solutis
764 3215 1011 3313 compagibus,
1024 3237 1086 3312 per
1100 3224 1240 3302 ventos,
1255 3211 1406 3303 imbres,

338 3336 519 3433 nubesque
538 3337 605 3426 ire,
624 3345 657 3410 et
679 3346 792 3410 totum
810 3336 907 3409 hunc
933 3356 1092 3409 erassum
1119 3343 1154 3407 et
1170 3331 1407 3427 caliginosum

343 3479 420 3532 aera
436 3478 634 3554 permeare,
652 3466 693 3529 ut
707 3456 750 3529 ad
765 3455 883 3545 illum,
901 3478 941 3529 ex
955 3476 1024 3551 quo
1039 3461 1242 3542 manarunt,
1260 3463 1407 3527 tenuem

342 3582 590 3678 sincerumque
627 3581 755 3654 aethera
792 3590 1027 3668 revertantur,
1061 3579 1200 3673 ibique,
1241 3585 1405 3651 naturam

343 3702 437 3777 nacti
456 3701 509 3776 sui
530 3701 698 3791 similem,
716 3711 808 3775 stent
832 3699 976 3798 paribus
994 3699 1092 3796 quasi
1109 3697 1294 3772 examinati
1317 3721 1408 3796 pon-

343 3825 502 3914 deribuS,
521 3828 555 3899 el
573 3825 730 3921 quietum
746 3832 850 3920 agant
869 3845 992 3897 oerum.
1012 3823 1050 3895 ln
1075 3822 1143 3895 hoc
1161 3821 1407 3895 tantummodo

344 3931 549 4020 dissensisse
571 3944 658 4019 mihi
685 3940 846 4020 videntur
872 3944 908 4016 hi
935 3943 1119 4047 clarissimi
1136 3940 1216 4031 viri,
1234 3940 1327 4038 quod
1349 3940 1408 4014 alii

375 4182 382 4218 ¹
395 4183 466 4240 Man.
483 4184 574 4253 Asta,
587 4196 612 4238 v.
628 4185 689 4238 894.

373 4275 493 4348 2Idem,
505 4292 530 4335 v.
547 4281 608 4335 902.
650 4338 654 4343 ,
