2970 5190
640 500 688 572 hh

134 656 248 720 totum
265 643 406 717 nesciat.
425 643 556 730 Porro,
576 645 662 718 nihil
683 654 736 718 est
760 641 853 739 quod
871 642 914 716 ab
933 642 1001 717 hoc
1018 645 1202 741 proposito

133 778 270 842 tantum
296 779 434 839 revocet
458 773 492 837 et
511 764 661 840 deducat
679 776 798 864 poetas
820 765 974 862 quamsi
998 767 1048 840 eis
1070 767 1115 840 sit
1137 790 1203 842 so-

132 890 236 963 lenne
257 887 293 960 in
316 886 486 984 poematis
504 885 671 960 inducere
689 908 855 984 personas
881 888 1060 961 sententiis
1083 888 1205 963 abun-

135 1011 257 1084 dantes
272 1018 306 1083 et
318 1030 389 1082 non
404 1008 471 1082 sibi
487 1009 726 1083 convenientia
743 1009 943 1106 loquentes:
963 1010 1058 1105 quod
1075 1010 1116 1084 iis
1132 1033 1204 1085 sae-

132 1134 274 1234 pissime
298 1132 425 1207 accidit
441 1132 671 1229 scriptoribus
689 1133 750 1229 qui
776 1155 815 1206 ea
833 1154 911 1229 quae
928 1132 994 1230 ipsi
1022 1135 1203 1227 sentiunt,

134 1252 219 1327 alios
237 1251 328 1325 inter
345 1251 505 1326 homines
520 1250 715 1326 diffundere
731 1273 870 1325 summa
887 1273 952 1349 ope
971 1250 1145 1326 nituntur.

185 1377 296 1451 Nemo
321 1387 373 1452 est
400 1377 461 1473 qui
487 1400 558 1451 non
583 1377 731 1451 fateatur
756 1376 857 1451 istius
884 1376 980 1449 modi
1006 1377 1202 1452 sententias

130 1503 308 1578 interdum
325 1503 361 1577 in
380 1485 558 1600 Euripidis
575 1501 789 1599 Voltariique
812 1499 989 1597 tragoediis
1009 1523 1204 1598 apparere,

131 1626 177 1700 ita
203 1635 243 1700 ut
268 1625 432 1701 omnibus
458 1624 648 1699 lectoribus
676 1625 736 1698 fiat
762 1623 984 1697 manifestum
1017 1633 1203 1698 auctorem

131 1749 247 1847 ipsum
265 1768 476 1843 unaquaque
492 1745 600 1819 latere
617 1744 684 1819 sub
703 1765 870 1841 persona,
890 1743 1036 1841 ejusque
1053 1765 1112 1816 ore
1132 1765 1200 1817 sua

130 1867 257 1966 placita
275 1866 469 1940 enuntiare.
489 1863 621 1960 Siquis
640 1875 758 1937 autem
776 1885 838 1936 seu
855 1861 1043 1951 Senecam,
1063 1885 1123 1935 seu
1144 1884 1204 1936 ee·

131 1989 360 2064 leberrimum
378 1986 479 2059 illum
498 1994 637 2083 poetam
655 1985 736 2081 qui,
756 1983 943 2059 novissimo
965 1984 1108 2058 finiente
1126 2007 1200 2059 sae-

133 2113 233 2202 culo,
256 2111 398 2192 italiana
418 2109 573 2206 regnavit
596 2110 632 2182 in
655 2131 775 2198 scena,
798 2108 1080 2206 pervolutaverit,
1102 2107 1202 2182 illius

131 2238 267 2313 fabulas
293 2236 484 2310 stoicorum
509 2233 690 2331 paradoxis
713 2233 864 2307 inveniet
887 2232 1052 2322 refertas,
1070 2232 1201 2331 quippe

133 2363 235 2460 cujus
253 2382 411 2458 personae
426 2380 568 2447 omnes,
586 2355 686 2454 pueri
703 2356 807 2430 etiam
824 2378 863 2429 ac
881 2354 1026 2452 puellae,
1042 2354 1201 2429 scholam

133 2483 313 2558 redoleant
330 2492 364 2556 et
381 2480 491 2578 perita
506 2503 613 2555 manu
632 2488 817 2576 torqueant
831 2478 1073 2576 enthymema3
1092 2478 1200 2574 hujus

131 2614 251 2679 autem
276 2603 425 2678 scenicis
448 2603 484 2676 in
509 2601 673 2700 operibus
700 2601 859 2675 sudiosos
883 2598 1093 2699 reipublicae·
1108 2600 1201 2674 viros

132 2725 263 2802 videbit
279 2736 312 2799 et
327 2724 446 2816 audiet
460 2725 496 2798 in
515 2734 677 2822 tyrannos
696 2733 767 2797 tam
787 2722 913 2796 acriter
927 2721 1202 2812 debacchantes,
1232 2786 1234 2794 s

135 2848 195 2944 qui
218 2847 354 2920 hiscere
372 2844 516 2918 omnino
540 2865 611 2917 uon
633 2842 782 2931 audent,
801 2852 841 2915 ut
861 2842 989 2915 horum
1008 2841 1144 2916 tristem
1165 2851 1202 2916 et

135 2967 301 3040 miseram
319 2976 449 3040 sortem
468 2963 513 3038 sit
531 2974 623 3038 certe
641 2964 906 3038 lamentaturus.
1066 3051 1074 3057 ‚

184 3089 291 3162 Poeta
318 3087 465 3184 quilibet
494 3087 554 3183 qui
581 3087 810 3185 philosophiae
836 3085 1020 3184 cujusdam
1046 3086 1201 3183 suscepit

136 3208 393 3307 patrocinium,
411 3207 544 3282 nullam
568 3230 754 3306 personam
775 3208 982 3304 plerumque
1000 3205 1037 3279 in
1057 3228 1201 3280 scenam

136 3328 294 3416 inducit,
320 3352 398 3426 quae
423 3351 493 3403 non
518 3341 589 3403 arte
613 3331 694 3426 ficta
716 3328 828 3424 magis
851 3349 956 3424 quam
981 3337 1103 3401 natura
1130 3326 1202 3400 for-

138 3461 232 3525 mata
250 3470 325 3524 esse
349 3448 515 3526 videatur.
542 3451 670 3525 Theses
694 3450 947 3525 delenditcum
973 3449 1202 3523 sermocinari

139 3574 297 3662 deberet,
323 3583 356 3647 et
379 3597 443 3672 pro
465 3574 566 3648 variis
592 3575 700 3649 animi
729 3574 910 3650 affectibus
936 3574 1054 3648 omnia
1080 3573 1204 3648 evolvit

140 3703 427 3790 argumentorum
446 3716 584 3791 genera.
604 3693 766 3769 Humana
785 3706 927 3784 natura,
944 3695 1019 3793 ejus
1037 3692 1202 3768 manibus

139 3814 304 3904 subacta,
332 3836 429 3911 aquae
452 3836 523 3888 non
551 3814 729 3888 dissimilis
756 3822 807 3888 est
833 3835 928 3910 quae,
956 3833 1201 3909 peramoenus

140 3958 241 4032 agros
265 3936 335 4010 hue
358 3945 460 4033 atque
481 3936 566 4011 illuc
589 3937 669 4012 lerri
692 3935 792 4010 solita
813 3943 848 4009 et
870 3935 1011 4008 sinuoso
1030 3935 1202 4033 trepidare

141 4060 253 4148 alveo,
273 4059 412 4133 tandem
427 4059 601 4156 plumbeis
616 4061 653 4132 in
670 4059 796 4132 fistulis
812 4053 992 4149 conclusa,
1011 4082 1074 4156 per
1088 4057 1203 4131 tristes

142 4185 239 4260 urbis
255 4184 348 4258 vicos
367 4207 438 4259 uno
457 4196 575 4260 tenore
591 4185 699 4260 fluere
715 4183 867 4258 docetur.
