2970 5190
726 480 793 556 90.

220 650 362 702 ornnem
379 628 615 703 terminabant
630 629 805 704 virtutem.
826 629 918 704 Eurn
941 630 1003 705 tihi
1028 628 1102 704 vult
1124 652 1201 705 esse
1221 653 1288 705 au-

220 750 411 836 diendum,

327 1004 334 1017 .
373 1003 380 1016 .
418 1003 427 1018 .
465 960 545 1029 .Qui
558 959 896 1032 tortunaereresponsare
910 960 1037 1032 superbae

326 1056 460 1110 Liberum
472 1061 500 1112 et
511 1063 635 1112 meorum
647 1070 770 1126 praesens
782 1058 909 1115 hortatur
919 1062 949 1113 et
961 1060 1039 1128 optat
1051 1055 1069 1110 ¹.

267 1235 459 1333 Nunquam
475 1236 653 1312 Romanos
671 1237 715 1311 ad
741 1237 903 1334 antiquos
920 1258 1036 1312 mores
1054 1257 1235 1329 reuocare,
1255 1249 1291 1313 et

222 1363 352 1460 sopitos
380 1361 477 1435 aritae
503 1361 639 1435 virtutis
665 1360 839 1458 igniculos
865 1363 1014 1436 excitare
1043 1371 1190 1436 conatus
1218 1373 1292 1453 est,

221 1481 307 1579 quin
329 1483 466 1579 (sponte
485 1503 528 1554 an
546 1480 676 1554 invitus
688 1481 755 1554 sim
770 1480 927 1556 dicturus
941 1480 1077 1575 dubito)
1095 1503 1289 1577 germanus

222 1601 367 1675 evaserit
383 1601 525 1675 stoicus.
545 1600 629 1686 Quis
648 1623 806 1697 unquam
821 1599 863 1675 de
881 1600 1095 1698 paupertatis
1110 1611 1145 1676 et
1162 1602 1290 1677 mortis

222 1736 444 1824 contemptu,
463 1726 541 1823 quis
560 1725 602 1799 de
614 1745 733 1798 amore
751 1746 821 1821 quo
838 1725 947 1822 patria
967 1725 1012 1798 sit
1028 1725 1289 1823 prosequenda,

222 1845 301 1940 quis
320 1844 362 1918 de
380 1846 451 1943 ipsa
471 1869 534 1942 per
552 1867 627 1919 sese
644 1843 833 1941 expetenda
852 1844 995 1934 virtute,
1012 1843 1133 1937 stoicis
1148 1844 1290 1920 locutus

198 2011 202 2020 ·
223 1978 276 2043 est
292 1968 535 2064 eloquentius?
549 1970 660 2043 Porro
676 1969 725 2042 eis
741 1968 896 2066 proxima
921 1977 1040 2042 noster
1056 1978 1156 2067 poeta
1177 1968 1290 2067 sorip·

223 2088 287 2177 sit,
305 2088 365 2184 qui
391 2087 577 2162 secundam
596 2088 752 2163 virorum
771 2097 1012 2186 paupertatem
1030 2109 1106 2162 esse
1127 2087 1232 2180 dicit,
1256 2098 1292 2164 et

221 2207 343 2281 statuit
368 2207 541 2304 flagitium
568 2209 667 2306 pejus
694 2207 788 2281 letho
811 2230 886 2282 esse
910 2207 1175 2282 metuendum².
1195 2206 1287 2293 Quin
1333 2217 1339 2225 '

222 2329 328 2402 etiarn
346 2352 384 2403 ea
412 2329 484 2403 sola
503 2330 592 2404 bona
611 2330 686 2404 vult
709 2353 785 2405 esse
812 2341 947 2421 nostra,
963 2352 1042 2428 quae
1066 2340 1185 2405 nostra
1203 2339 1290 2404 sunt

222 2449 290 2524 sub
304 2459 473 2548 potestate
489 2473 604 2548 neque
618 2473 658 2525 ex
676 2447 790 2526 alieno
808 2450 951 2525 arbitrio
968 2449 1138 2548 pendent:

433 2657 540 2729 Virtus,
552 2657 672 2728 repulse
687 2657 782 2715 nescia
796 2655 929 2726 sordida,

432 2756 604 2813 intaminatis
616 2755 704 2826 fulget
715 2753 885 2823 honoribus3

470 2849 527 2907 Neo
540 2848 625 2905 sumit
638 2853 686 2904 aut
699 2847 777 2919 ponit
789 2860 904 2904 secures
937 2913 939 2918 ,

503 2943 621 3000 Arbitrio
633 2941 776 3014 popularis
791 2954 867 2997 aurae
876 2938 898 2995 ³.

269 3121 306 3196 Si
319 3123 396 3219 quis
409 3136 527 3199 autern
540 3132 761 3220 compertum
775 3120 865 3195 volet
876 3120 1006 3194 habere
1018 3129 1186 3216 quantam
1198 3120 1287 3210 vim,

223 3253 464 3341 quantumque
491 3241 652 3341 spiritum
680 3241 831 3332 imbelli,
857 3253 897 3314 ut
921 3263 1000 3315 eam
1017 3241 1090 3338 ipse
1108 3241 1286 3338 nominat,

223 3367 331 3441 Musae
344 3366 462 3442 Fiaooi
478 3367 674 3441 addiderint
688 3365 836 3440 Zenonis
849 3375 1036 3462 praecepta,
1048 3373 1286 3460 quantamque

223 3485 266 3558 ad
284 3486 422 3560 dicendi
446 3487 660 3560 divinitatem
678 3486 782 3560 illam
801 3483 1008 3573 extulerint,
1033 3493 1093 3557 aut
1111 3483 1186 3580 jam
1209 3483 1287 3558 lau·

224 3610 302 3684 data
318 3611 360 3684 de
376 3611 511 3708 Regulo
534 3611 624 3706 legat
640 3610 814 3699 carmina,
833 3620 893 3683 aut
909 3630 949 3683 ea
963 3608 999 3681 in
1015 3607 1143 3704 quihus
1157 3607 1287 3682 stoico·

223 3755 303 3807 rum
325 3732 491 3829 sapientis
508 3732 644 3806 ridetur
668 3731 816 3806 voluisse
840 3730 1051 3805 adumbrare
1072 3730 1285 3826 imaginem:

259 4012 269 4049 ¹
284 4012 349 4068 Hor.
364 4014 417 4084 Ep.
431 4013 456 4083 Ι,
470 4017 496 4082 t,
508 4026 532 4067 v,
547 4015 590 4067 68.

259 4106 401 4177 ²ldem,1.
416 4110 442 4178 Ι,
460 4107 514 4164 Od.
530 4112 572 4178 ta,
585 4120 610 4163 v.
624 4111 673 4177 4⁴3
692 4105 710 4161 Ι,
724 4106 768 4175 tv,
783 4102 839 4162 Od.
852 4108 879 4175 9,
895 4118 920 4161 v.
935 4108 978 4162 69.

259 4197 371 4268 ³1dem‚
386 4200 405 4253 Ι.
420 4201 473 4269 ΙΙΙ,
491 4199 545 4255 Od.
560 4204 586 4270 2,
600 4215 626 4254 r.
641 4201 684 4254 tr.
