2970 5190
631 503 678 576 35

122 665 279 740 unquam
294 644 347 718 vir
364 645 501 743 sapiens
520 646 579 742 qui
603 646 645 720 de
663 669 700 719 rc
726 646 839 744 aliqua
869 669 940 721 non
970 647 1185 746 desipuerit?

122 766 155 839 ls
171 790 263 841 unus
282 767 376 842 haud
395 768 518 865 procul
536 791 555 842 a
572 779 667 843 recta
684 767 823 843 aberrat
840 770 912 859 viu,
931 770 992 867 qui
1012 794 1082 846 non
1108 792 1186 869 pro-

122 890 279 988 greditur
295 892 451 989 longius3
474 892 575 989 isque
597 915 690 967 unus
708 892 855 968 minime
872 892 1022 982 fallitur,
1040 894 1102 990 qui
1120 895 1189 969 mi·

123 1016 218 1090 nime
235 1016 371 1112 cogitat.
397 1017 458 1090 Vir
485 1028 602 1093 autern
626 1041 766 1095 summo
791 1018 958 1117 praeditus
980 1018 1138 1116 ingenio,
1158 1020 1186 1094 si

123 1136 278 1211 humana
292 1136 476 1235 divinaque
494 1139 597 1212 luerit
615 1137 823 1236 cogitatione
845 1139 1041 1236 amplexus
1061 1149 1095 1213 et
1110 1160 1188 1214 om-

123 1255 180 1328 nia
198 1278 276 1352 quaa
290 1256 438 1344 senserit
456 1255 497 1329 de
514 1256 610 1330 omni
635 1281 672 1332 re
690 1257 804 1333 scibili
828 1268 863 1333 et
880 1258 1093 1356 quibusdam
1111 1261 1187 1334 aliis

123 1376 275 1451 intense
305 1401 515 1476 componere
539 1390 574 1453 et
599 1391 806 1456 connectere
831 1381 936 1455 suerit
962 1392 1128 1472 conatus,
1150 1393 1191 1457 ut

123 1497 352 1572 exaedificaret
368 1521 446 1596 quae
461 1499 655 1597 sapientum
678 1501 807 1599 templu
826 1525 950 1576 screno
968 1503 1104 1599 egregie
1127 1525 1190 1577 no-

124 1619 254 1692 minata
272 1629 370 1710 sunt3
388 1619 418 1692 is
438 1629 531 1693 certe
551 1621 761 1694 sententiam
780 1620 1045 1718 aliquam-apud
1067 1644 1190 1696 omnes

124 1742 360 1840 pervulgatam
394 1744 625 1840 eamdemque
655 1767 772 1819 veram
800 1745 970 1835 inveniet,
998 1768 1076 1841 quae
1105 1756 1188 1821 oum

124 1868 304 1942 sententiis
320 1867 396 1942 aliis
406 1879 478 1942 tam
492 1868 676 1944 artificiose
692 1869 875 1944 exstructis
889 1869 1080 1968 discrepet,
1094 1892 1190 1944 earn-

124 2008 192 2082 que
205 1986 417 2084 repudiabit:
435 1996 503 2083 qua
519 1988 614 2061 enim
632 1988 800 2078 admissa,
815 1999 929 2063 totum
949 2000 1089 2064 corruat
1105 1989 1189 2065 aedi-

122 2105 254 2180 ficium.
270 2107 476 2205 Philosophi
492 2118 609 2182 autem
627 2110 688 2207 qui
705 2101 910 2206 hujusmodi
926 2131 1014 2208 opus
1028 2132 1189 2208 suscepe-
1297 2130 1300 2135 ·
1389 2079 1392 2085 ⁵

123 2237 217 2316 runt,
234 2226 259 2300 ii
272 2228 386 2325 majus
401 2228 578 2325 quoddam
590 2230 733 2303 luerunt
745 2229 897 2327 aggressi
905 2242 1015 2325 ¹quam
1026 2229 1188 2304 homines

123 2349 295 2447 plerique,
318 2352 397 2449 qui,
420 2374 502 2426 cum
525 2352 660 2427 diversa
682 2363 717 2427 et
739 2376 860 2428 secum
879 2354 1070 2450 pugnantia
1088 2354 1189 2450 vulgo

123 2470 292 2559 sentiant,
323 2471 505 2570 dissipatas
531 2483 565 2548 et
594 2472 786 2548 contrarias
815 2475 906 2548 inter
935 2495 972 2547 se
1000 2475 1189 2549 sententias

123 2618 306 2693 nunquam
325 2597 486 2672 nituntur
504 2598 700 2673 conciliare.

172 2715 208 2789 Si
222 2717 330 2813 igitur
347 2719 491 2792 insanus
506 2716 720 2816 Chrysippus
735 2716 812 2791 ideo
827 2727 880 2790 est
897 2715 1088 2804 dicenduS,
1106 2715 1189 2811 quia

122 2836 273 2913 absurda
291 2840 451 2943 quaedam
468 2839 499 2914 ei
517 2840 742 2938 placuerunt,
757 2839 833 2913 etsi
851 2838 1027 2912 Cornutus
1045 2859 1186 2933 quoque

121 2960 236 3035 insani
258 2960 402 3036 nomine
423 2973 476 3037 est
494 2962 639 3058 dignm,
657 2960 738 3059 quia
761 2960 996 3058 Chrysippum
1018 2958 1184 3033 eumdem

121 3103 332 3178 magnopere
349 3081 504 3157 'miratus
531 3081 610 3170 suit,
638 3104 709 3154 non
735 3080 832 3156 video
858 3102 921 3154 our
944 3079 1089 3155 insanus
1115 3102 1186 3154 non

122 3200 316 3298 appelletur
336 3213 455 3276 noster
476 3199 667 3289 cortesius,
694 3200 754 3297 qui
772 3197 937 3274 animalia
954 3197 1051 3272 omni
1081 3221 1186 3273 sensu

122 3345 256 3414 carere,
271 3347 325 3398 res
343 3325 372 3398 si
391 3324 462 3398 ulla
479 3323 544 3399 luit
564 3346 722 3421 unquam
747 3323 917 3413 absurda,
936 3321 1186 3414 arbitrabatur3

122 3469 188 3519 nec
212 3470 275 3520 cur
292 3446 486 3543 Arnaldus,
504 3441 726 3537 BossuetiuS,
750 3436 898 3535 Fenelo,
924 3445 1098 3542 multique
1128 3444 1187 3518 alii

14 3614 23 3628 ·
121 3565 348 3641 illustrissimi
379 3568 441 3640 viri
472 3589 544 3640 non
570 3567 692 3641 eodem
724 3568 922 3642 habeantur
949 3567 985 3639 in
1018 3587 1185 3654 numero,

122 3711 204 3764 cum
222 3692 326 3765 tantis
345 3689 507 3765 laudibus
524 3690 689 3765 insanum
710 3689 905 3774 Cartosium
924 3688 1120 3762 extulerint.

169 3813 462 3887 Praeclarissimus
480 3813 538 3886 ille
556 3802 877 3908 Leibnitzius,'quo
899 3811 1019 3884 nullus
1044 3810 1109 3883 luit
1129 3821 1190 3885 aut

121 3935 279 4010 doctrina
311 3936 545 4028 abundantior
574 3947 635 4011 aut
665 3935 805 4033 ingenio
839 3936 1081 4031 praestantipr,
1115 3955 1186 4008 non

122 4054 243 4129 eadem
264 4057 444 4131 severitate
460 4066 513 4130 est
535 4080 619 4131 usus
643 4079 712 4153 qua
739 4055 885 4130 eximius
912 4054 1062 4153 scriptor
1084 4053 1185 4151 cujus

121 4197 217 4250 nunc
233 4177 461 4273 expendimus
478 4175 697 4251 sententiam.
726 4175 833 4266 Nam,
856 4197 938 4252 cum
961 4196 1085 4250 omnes
1106 4175 1186 4273 phi-
