2970 5190
711 455 761 555 ‘vv

203 655 344 729 cunque
367 630 544 704 Panaetius
569 641 603 703 et
629 629 768 703 Marcus
793 627 927 701 Tullius
952 649 1077 722 magna
1105 651 1193 703 cum
1220 631 1274 704 di-

203 750 306 826 cendi
324 749 483 824 ubertate
502 758 537 822 et
562 747 678 844 copia,
702 746 738 819 in
766 745 838 820 suis
858 746 907 819 De
934 745 1057 820 officiis
1082 749 1273 845 operibus,

201 874 476 972 explicaverunt,
494 871 632 960 eadem,
650 870 717 969 ipsi
732 868 912 943 Lactantio
931 869 960 943 si
973 869 1148 961 creditur,
1167 872 1275 945 Luci-

201 998 286 1087 lius,
304 995 444 1070 brevius
462 1003 497 1067 et
519 992 700 1089 angustius
719 1014 836 1090 pressa
859 992 931 1065 suis
950 992 987 1065 in
1006 993 1274 1068 definitionibus

203 1115 406 1213 complexus
424 1124 495 1189 est:
518 1113 667 1202 «Prius,
688 1112 802 1208 inquit
823 1111 1041 1201 Lactantius,
1064 1135 1174 1210 quam
1200 1113 1275 1188 sin-

202 1235 302 1333 gulas
320 1235 464 1308 virtutes
482 1254 653 1331 exponere
676 1232 825 1327 incipio,
845 1231 1109 1306 determinanda
1128 1244 1183 1308 est
1197 1232 1273 1331 ipsa

202 1360 359 1434 virtus...
380 1358 620 1453 Quaecumque
637 1367 754 1430 autem
782 1355 818 1428 in
843 1355 1043 1431 definitione
1059 1355 1199 1431 virtutis
1218 1380 1275 1431 so-

203 1485 277 1558 lent
293 1483 428 1573 dicere,
446 1481 568 1580 paucis
595 1479 752 1554 versibus
782 1479 913 1575 colligit
937 1489 971 1553 et
999 1493 1140 1555 enarrat
1164 1481 1275 1557 Luci-

203 1606 290 1680 lius:
310 1627 398 1703 quos
419 1603 513 1677 malo
538 1602 702 1698 equidem
720 1624 867 1700 ponere,
886 1624 948 1691 ne,
971 1601 1058 1676 dum
1074 1603 1274 1679 multorum

203 1727 392 1803 sententias
408 1725 544 1815 refello,
558 1725 627 1800 sim
641 1724 777 1822 longior
790 1748 896 1821 quam
910 1747 1050 1801 necesse
1067 1735 1120 1801 est
1131 1727 1158 1800 ¹.
1176 1751 1194 1798 v

274 1926 382 1997 Virtus,
396 1925 507 1996 Albine,
522 1929 566 1982 est
579 1923 696 1995 pretium
711 1923 868 1994 persolvere
882 1936 991 1991 verum,

275 2020 360 2089 Queis
372 2020 401 2076 in
414 2034 571 2090 versamur,
587 2022 667 2093 queis
679 2019 788 2076 vivimu'
805 2019 881 2076 rebu'
896 2024 1022 2090 potesse:
1140 2061 1147 2066 .

275 2119 370 2177 Virtus
384 2123 426 2174 est
438 2117 556 2186 homini,
571 2117 643 2174 scire
658 2117 702 2189 id,
719 2116 792 2187 quod
807 2130 921 2187 quaeque
934 2116 1033 2173 habeat
1047 2129 1102 2172 res.

276 2215 370 2273 Virtus
383 2215 455 2271 scire
468 2214 571 2270 homini
585 2219 706 2284 rectum,
723 2214 804 2282 utile,
820 2214 885 2286 quid
899 2215 937 2270 sit
951 2214 1110 2284 honestum3

277 2312 344 2377 Quae
355 2308 442 2380 bona,
457 2321 518 2379 quae
530 2308 601 2364 mala
614 2307 693 2379 item,
708 2307 782 2378 quod
797 2306 908 2378 inutile,
923 2312 1018 2380 turpe,
1033 2305 1221 2365 inhonestum.
1238 2357 1241 2363 .

257 2473 320 2547 His
338 2473 375 2547 in
393 2474 550 2548 versibus
573 2475 641 2549 lroc
668 2484 729 2548 aut
753 2473 840 2548 illud
867 2473 1009 2548 verbum
1037 2474 1079 2548 de
1104 2475 1182 2550 loco
1209 2499 1275 2552 suo

208 2619 311 2694 prave
336 2597 452 2670 lorsan
476 2596 541 2670 fuit
558 2606 712 2685 motum,
740 2606 800 2669 aut
826 2596 954 2670 rectius
981 2596 1125 2671 omnino
1152 2599 1277 2674 fuisset

208 2722 377 2814 recisum;
397 2721 456 2796 sed
483 2733 600 2795 tamen
628 2721 810 2796 Lactantio
837 2744 908 2795 nou
934 2723 1104 2797 assentior
1125 2723 1275 2816 dicenti,

207 2843 285 2918 ideo
302 2844 480 2919 Lucilium
499 2843 604 2918 nimis
623 2843 835 2918 redundanti
852 2867 957 2919 usum
975 2845 1081 2920 luisse
1099 2847 1274 2938 oratione,

209 2968 302 3066 quod
320 2969 508 3043 honestum
527 2978 562 3042 et
587 2968 830 3058 inhonestum,
848 2968 933 3042 utile
958 2979 993 3043 et
1016 2968 1138 3044 inutile
1156 2971 1275 3046 nomi-

153 3112 162 3124 ·
210 3089 357 3177 naverit,
376 3089 436 3162 ubi
450 3090 583 3165 bonum
598 3099 633 3165 et
646 3090 781 3164 malum
796 3090 877 3164 satis
891 3089 1011 3164 luisset
1026 3090 1162 3183 dioere;
1178 3093 1274 3189 quod

210 3206 304 3281 enim
322 3206 476 3298 bonum,
494 3207 624 3304 inquit,
649 3208 686 3282 id
711 3231 850 3307 quoque
868 3208 953 3283 utile
980 3209 1025 3282 sit
1051 3232 1193 3285 necesse
1210 3223 1274 3286 est.

211 3328 306 3418 Hoc,
326 3329 449 3419 cre'do,
467 3330 643 3405 Lucilium
671 3354 894 3428 nequaquam
918 3332 1021 3427 sugit,
1047 3331 1125 3420 sed,
1144 3344 1184 3406 ut
1201 3333 1277 3431 ple-

211 3450 329 3547 risque
347 3450 482 3540 stoicis,
506 3452 551 3525 ita
571 3453 602 3525 ei
625 3453 856 3550 placuitrem
881 3453 1041 3527 eamdem
1065 3453 1184 3549 plures
1202 3479 1279 3532 ver·

212 3594 289 3645 sare
307 3570 343 3644 in
361 3582 476 3669 partes
486 3597 495 3661 ;
511 3570 806 3668 Ciceronemque,
824 3573 859 3645 in
876 3593 940 3646 suo
952 3573 1003 3646 Ile
1016 3571 1153 3669 Officiis
1168 3574 1279 3666 libro,

213 3691 485 3789 Horatiumque,
501 3693 680 3766 notissima
696 3694 732 3766 iu
746 3694 888 3799 epistola
899 3749 908 3783 ,
919 3693 1013 3767 idem
1025 3694 1123 3768 video
1136 3695 1278 3789 iecisse,

213 3799 278 3888 nec
296 3814 332 3886 in
351 3814 639 3911 vituperationem
656 3815 765 3897 ullam
781 3815 957 3892 cecidisse.
981 3816 1039 3891 Sic
1062 3816 1105 3892 de
1121 3817 1277 3895 Homero

213 3932 272 4006 hie
286 3932 457 4029 loquitur:

253 4186 259 4217 ¹
272 4191 341 4247 lost.
357 4189 430 4262 cler,
448 4192 466 4248 l.
482 4193 532 4265 Vl,
547 4208 569 4250 c.
584 4198 610 4251 ὅ.
