2970 5190
637 493 710 567 tlt

142 641 245 716 credo
262 641 374 714 multa
402 639 568 737 praeclara
596 639 839 725 inventurum,
867 638 1006 734 quaein
1037 640 1203 737 operibus

141 761 354 860 quibusdam
372 760 517 859 pleniori
542 760 622 834 luce
644 757 908 856 splendentibus
932 759 1060 832 frustra
1084 761 1203 857 requi-

94 962 106 983 ,
142 897 208 974 rat,
227 895 263 960 et
280 906 357 982 quae
374 883 488 959 decies
507 882 650 980 repetita
668 881 784 962 decies
802 881 832 954 ei
852 879 1050 978 placebunt.

538 1266 684 1344 CAPUT
709 1267 812 1343 XVII.

425 1434 471 1488 nr
488 1433 634 1488 uanum
650 1433 764 1488 roam
781 1433 915 1489 srorco.

191 1629 310 1717 Quum
324 1629 424 1705 nobis
439 1640 530 1704 esset
543 1631 580 1704 in
595 1630 729 1720 animo,
746 1650 817 1732 uno
831 1631 1025 1726 eodemque
1040 1632 1207 1706 orationis

143 1764 256 1827 tractu
270 1775 440 1851 exponere
459 1753 543 1850 quid
558 1753 745 1829 satirarum
768 1753 955 1850 scriptores
974 1753 1040 1828 sibi
1058 1754 1208 1851 quisque

142 1895 160 1946 e
185 1873 377 1957 stoicorum
395 1873 617 1968 dogmatibus
636 1873 927 1969 assumpsissent,
958 1894 1022 1946 nec
1051 1873 1208 1948 medium

104 2074 105 2079 Ν
142 1994 351 2091 intercipere
368 2018 474 2091 quem
492 2016 532 2068 ea
548 1994 590 2069 de
605 2016 642 2067 rc
660 1992 871 2069 haberemus
886 2015 1101 2084 sermonem,
1122 1993 1208 2069 alios
1231 2064 1234 2069 .

142 2115 321 2215 paulisper
338 2117 522 2191 omisimus
541 2125 677 2215 poetaS,
701 2116 743 2190 de
761 2116 889 2212 quibus
907 2138 1004 2190 nunc
1026 2127 1079 2191 est
1098 2116 1208 2191 disse-

142 2238 349 2330 rendum,a
378 2239 519 2313 Manilio
537 2239 636 2313 initio
662 2239 770 2328 lacto,
799 2239 878 2336 qui,
907 2238 1064 2334 Augusto
1092 2239 1235 2337 irnpe-¹

142 2371 256 2452 rante,
272 2362 432 2436 floruisse
450 2362 614 2437 creditur.
631 2362 718 2460 'Ejus
733 2385 838 2461 opus,
858 2351 976 2461 utpote
989 2361 1032 2435 de
1050 2372 1208 2436 astrono-

143 2486 244 2560 micis
266 2487 456 2585 scriptum,
475 2488 559 2561 huic
583 2486 779 2561 litterarum
796 2486 914 2583 generi
934 2486 1207 2561 adscribendum

141 2617 213 2697 est,
229 2609 323 2704 quod
346 2619 398 2682 est
421 2608 464 2682 ad
489 2608 688 2685 docendum
711 2609 861 2684 maxime
879 2609 1205 2698 accommodatum,

141 2739 175 2803 et
193 2729 287 2825 quod
307 2729 385 2803 ideo
403 2731 512 2804 nostri
532 2733 738 2810 dtdcurtnbr
759 2753 871 2828 graeco
889 2728 1033 2804 nomine
1057 2730 1207 2827 appella-

139 2862 282 2942 verunt,
306 2875 375 2948 quo
401 2876 527 2949 genere
554 2855 711 2941 nullum,
744 2877 800 2928 me
827 2853 970 2950 quidem
993 2853 1132 2952 judice,
1160 2853 1204 2927 ad

139 2969 356 3066 explananda
373 2971 565 3046 stoicorum
584 2973 710 3070 placita
741 2995 897 3069 unquam
927 2973 992 3046 luit
1020 2973 1144 3070 aptius.
1170 2973 1206 3050 Si

140 3092 218 3189 quis
237 3092 350 3181 enim,
379 3093 536 3168 doctrina
561 3107 595 3168 et
619 3094 759 3190 ingenio
783 3118 853 3169 non
880 3095 994 3191 impar
1019 3096 1204 3187 Lucretia,

140 3222 250 3286 totam
265 3213 357 3287 banc
375 3212 598 3310 disciplinam
620 3214 836 3289 carminibus
862 3215 1042 3311 amplexus
1065 3217 1204 3306 fuisset,

140 3347 175 3409 et
206 3333 363 3410 docentis
388 3336 492 3410 modo
518 3336 757 3434 explicuisset,
785 3339 986 3436 praeclarius
1017 3339 1138 3428 etiam,
1167 3350 1206 3413 ut

135 3454 210 3551 jam
227 3476 331 3552 supra
351 3454 517 3544 diximus,
537 3479 642 3551 quam
669 3455 816 3530 illustris
839 3457 899 3546 ille
921 3458 1064 3556 Epicuri
1093 3459 1204 3533 inter-

139 3597 238 3672 pres,
256 3596 380 3673 poema
407 3577 675 3674 composuisset,
703 3577 902 3652 uberiorem
924 3579 1059 3652 scilicet
1082 3591 1208 3655 nactus

139 3697 330 3771 materiam.
347 3697 439 3782 Quin
455 3699 579 3789 etiam,
595 3699 800 3773 universnm
814 3700 881 3774 hoc
897 3722 985 3797 opus
1000 3723 1070 3775 non
1084 3702 1205 3800 paucis

139 3819 308 3915 potuisset
340 3842 506 3895 exornare
537 3834 629 3896 extra
666 3833 913 3920 argumentum
945 3823 1085 3920 positis,
1119 3825 1205 3900 dnm

138 3943 248 4016 multa
271 3943 463 4040 prudenter
486 3954 522 4037 et
547 3945 696 4033 sortiter,
720 3945 813 4043 juste
838 3955 872 4019 et
897 3955 1087 4043 temperate
1114 3947 1205 4022 lacta

139 4065 294 4140 versibus
315 4066 508 4155 retulisset,
534 4091 612 4164 quae
637 4067 733 4142 omni
761 4067 1023 4165 pulchritudine
1049 4068 1207 4161 honesti,

139 4189 1201 4286 qualemeamstoicimontecomprelrendernnt,affulsissent.
