2970 5190
517 530 521 538 '
606 531 653 605 49

99 672 312 770 principium
342 683 378 747 et
402 675 499 765 finis,
529 699 570 750 ac
601 700 664 774 pro
702 678 812 752 nihilo
843 679 972 754 habere
1002 678 1165 756 cunctam

98 813 217 866 rerum
235 793 523 877 universitatem?

149 913 238 991 Cum
255 914 499 1012 poetis..sloicis
517 919 622 1016 paulo
641 919 793 995 severius
812 923 967 1019 prolecto
988 935 1168 1040 ageretur,

97 1036 128 1109 si
145 1036 187 1113 ab
212 1050 337 1143 eorum
352 1061 567 1138 unoquoque
594 1065 633 1116 ea
658 1043 937 1140 postularentur,
965 1070 1043 1145 quae
1061 1050 1164 1146 pauci

98 1159 310 1251 admodum,
328 1161 421 1259 iique
436 1164 647 1260 gravissimi,
660 1166 743 1240 artis
760 1167 937 1264 magistri,
958 1179 1009 1244 tot
1023 1194 1085 1270 per
1102 1195 1167 1246 sae-

98 1282 193 1379 cula,
212 1283 510 1364 exhibueruntsi
527 1288 605 1387 quis
626 1312 706 1364 vero
727 1313 789 1365 seu
807 1290 1017 1388 Virgilianos
1040 1318 1168 1393 expen-

98 1405 188 1480 derit
203 1429 342 1497 versus,
368 1409 495 1507 quibus
512 1422 666 1486 mentem
691 1412 845 1487 celebrat
870 1437 949 1510 quae
966 1417 1077 1511 opilat
1091 1441 1165 1492 nto-

99 1527 167 1600 lent
183 1538 217 1601 et
234 1552 358 1626 mopso
375 1555 411 1606 aa
425 1556 567 1632 corpore
580 1535 743 1624 miscell,
762 1557 823 1609 seu
839 1534 945 1610 etiam
960 1537 1168 1615 Manilianas

98 1655 161 1726 hos
180 1673 299 1726 versus
319 1656 524 1746 excusserit,
546 1655 583 1729 in
602 1657 650 1730 eis
671 1655 820 1753 aliquid,
835 1666 875 1730 ut
899 1658 1042 1754 opinor,
1066 1683 1168 1758 repe-

97 1778 180 1870 riet,
211 1778 306 1876 quod
337 1801 402 1853 nec
432 1800 572 1854 summo
602 1785 696 1869 Deo,
729 1801 794 1853 nec
825 1778 1000 1856 immenso
1032 1783 1166 1858 mundo

98 1922 203 1996 quern
219 1901 325 1998 agitat
339 1901 449 1992 Deus,
469 1901 613 1976 omnino
632 1903 676 1976 sit
690 1902 893 2000 indignum:

206 2133 212 2147 .
251 2133 258 2147 .
297 2094 426 2150 .Canam
443 2093 526 2149 tacita
540 2098 666 2151 naturam
681 2098 771 2150 mente
785 2097 941 2165 potentem,

202 2185 380 2258 infusumque
393 2190 480 2246 Deum
495 2190 579 2260 coelo,
596 2190 746 2260 terrisque,
762 2189 902 2260 fretoque,

203 2281 345 2350 Ingentem
359 2282 458 2352 aequali
472 2282 658 2338 moderantem
671 2281 775 2338 foedere
789 2281 902 2353 molcm3

205 2376 357 2447 Totumque
371 2378 477 2434 alterno
492 2392 631 2434 consensu
645 2379 735 2435 vivere
748 2377 898 2449 mnndum,

203 2470 236 2526 Et
249 2471 364 2527 rationis
377 2470 421 2542 agi
434 2475 524 2542 motn;
539 2486 622 2542 quum
636 2471 750 2542 spiritns
764 2484 836 2527 nnus

204 2567 254 2621 Per
267 2570 382 2622 cunctas
394 2566 499 2623 habitet
511 2571 617 2637 partes,
631 2571 713 2636 atque
726 2567 821 2636 irriget
838 2563 932 2621 orbem

204 2662 301 2719 Omnia
313 2662 496 2734 pervolitans,
512 2676 668 2733 corpusque
681 2662 798 2719 animale
810 2661 908 2731 figuret
917 2658 936 2716 ².

145 2833 224 2908 Non
241 2833 398 2930 loquitur
411 2856 494 2908 sane
507 2833 550 2907 de
563 2834 634 2908 Deo
646 2833 706 2906 illo
719 2887 727 2922 ,
742 2853 847 2928 super
859 2852 979 2904 rerum
997 2838 1161 2902 naturam

95 2957 226 3054 posito,
245 2957 289 3032 ab
307 2957 403 3031 omni
424 2955 577 3032 materiae
597 2953 819 3030 concretione
837 2963 1034 3050 segregato,
1054 2974 1159 3047 quem

94 3075 296 3152 Aristoteles
325 3078 532 3175 cogitatione
563 3077 893 3179 comprehenderat,
921 3085 957 3149 et
983 3075 1027 3149 ad
1055 3096 1160 3170 qoem

95 3203 299 3279 universnm
314 3203 412 3278 hunc
429 3203 624 3294 mnndum,
642 3201 809 3277 ineflabili
824 3200 976 3298 quadam
995 3197 1161 3297 cupidine

96 3333 252 3412 motum,
275 3346 382 3398 sunm
401 3324 501 3422 quasi
526 3323 569 3398 ad
594 3345 775 3398 summum
800 3324 927 3410 finem,
949 3340 1160 3394 concurrere

96 3445 346 3536 arbitrabatur;
363 3446 423 3520 sed
436 3447 548 3521 Deum
563 3456 679 3520 tamen
692 3445 857 3542 praedicat
870 3466 999 3532 unum,
1014 3442 1161 3515 immen-

96 3589 194 3658 sum,
216 3580 342 3643 cuncta
361 3568 404 3643 ad
427 3569 532 3643 vitam
556 3568 781 3655 excitantem,
807 3576 840 3640 et
861 3588 932 3662 prae
950 3586 1018 3660 qno
1042 3563 1159 3638 omnia

95 3690 251 3766 sabulosa
267 3691 415 3766 numina
429 3691 526 3765 nullo
542 3692 578 3764 in
594 3712 742 3765 numero
756 3699 839 3762 sont
854 3685 1024 3761 ducenda.
1126 3734 1129 3737 -

143 3809 272 3885 Versus
301 3821 553 3908 consequentes
585 3811 729 3884 liberius
764 3809 880 3882 lorsan
914 3808 1054 3895 ssuunt,
1090 3827 1159 3878 non

96 3928 277 4006 deficiente
292 3931 444 4028 quadam
463 3931 665 4030 majestate:
924 3915 942 3930 ⁸

132 4166 139 4203 ¹
155 4167 228 4238 Virg.
243 4170 355 4240 AEnea'o,
372 4169 390 4225 l.
405 4168 456 4240 vl,
470 4183 496 4226 v.
511 4168 573 4229 tat.
669 4190 673 4198 ·

132 4261 143 4298 Ξ
158 4264 230 4320 llan.
245 4267 337 4336 Aser,
354 4265 375 4321 l.
391 4269 427 4339 ll,
441 4283 467 4325 v.
482 4270 526 4327 60.

244 4357 266 4407 F
484 4352 491 4367 .
