2970 5190
792 522 864 593 tid

301 666 458 755 duxisse3
477 668 537 739 sed
556 667 634 743 vitia
649 667 842 765 ejusmodi,
861 691 1060 764 quanquam
1077 671 1208 763 gravia,
1226 672 1368 766 magnis

298 785 451 860 arbitror
468 788 607 885 pensari
634 787 835 876 virtutibus,
859 810 1008 884 quarum
1027 787 1160 884 aliquas
1177 812 1196 862 e
1213 788 1366 864 Zenonis

298 907 417 981 schola
436 931 511 981 esse
529 930 669 1004 quoque
687 907 856 981 derivatas
873 929 976 980 nemo
995 908 1178 1002 negaverit.
1197 908 1363 983 Primum

293 1029 337 1103 ab
356 1053 396 1103 ea
414 1031 490 1104 haec
508 1029 703 1128 desumpsit
717 1030 854 1104 decreta
873 1043 907 1104 et
932 1042 1120 1129 praecepta,
1139 1031 1286 1128 quibus,
1302 1057 1363 1107 ve-

295 1150 361 1226 luti
378 1152 590 1249 quibusdam
617 1153 782 1241 vinculis,
798 1140 930 1226 'omnes
956 1153 1141 1227 satirarum
1167 1156 1361 1229 sententias

289 1273 479 1348 dissolutas
498 1286 531 1348 et
556 1274 738 1372 dissipatas
765 1274 938 1370 colligavit
964 1275 1050 1348 etin
1073 1298 1184 1348 unum
1211 1277 1358 1373 redegit.

293 1394 337 1467 Et
355 1418 398 1468 ne
424 1395 501 1492 quis
520 1394 613 1470 dicat
629 1396 789 1468 Persium
809 1394 891 1484 satis
917 1393 1081 1468 habuisse
1105 1394 1357 1491 magistrorum

192 1525 193 1528 ’
291 1517 416 1592 dictata
446 1519 618 1608 ediscere,
644 1536 677 1593 et
699 1542 755 1608 ea,
783 1519 896 1615 qualia
922 1519 1129 1615 accepisset,
1157 1519 1229 1592 suis
1253 1541 1357 1592 com-

291 1640 458 1714 mendare
477 1640 650 1728 versibus,
667 1663 788 1715 secum
810 1651 947 1738 reputet
962 1651 1046 1737 quot
1060 1651 1094 1715 et
1111 1642 1250 1738 quantis
1266 1642 1357 1716 ima·

293 1759 434 1854 ginibus
459 1761 690 1848 exornaverit,
720 1772 806 1858 quot
834 1772 867 1834 et
892 1761 1032 1857 quantis
1060 1761 1167 1834 animi
1196 1762 1357 1844 motibus

289 1879 387 1974 quasi
414 1880 638 1954 concitaverit
656 1903 741 1976 quas
764 1881 799 1953 in
826 1880 984 1954 medium
1004 1880 1150 1979 protulit
1175 1881 1356 1976 cogitatio·

286 2022 364 2089 nes;
385 2010 469 2073 tunc
487 2001 521 2074 in
540 2001 607 2075 hoc
627 2012 792 2098 tanquam
808 2002 990 2097 insignitas
1006 2002 1081 2100 ejus
1097 2002 1228 2099 ingenii
1243 2025 1355 2101 appa·

284 2147 361 2199 rere
381 2137 478 2199 notas
498 2126 590 2199 dicet
607 2138 642 2201 et
658 2128 792 2201 sentiet.
812 2128 1003 2229 Praeterea,
1021 2137 1195 2202 secretum
1214 2129 1352 2223 ignem,

282 2248 343 2345 qui
358 2247 424 2322 sub
439 2248 604 2322 orationis
619 2258 781 2342 contextu
796 2251 1004 2356 plerumque
1018 2249 1102 2324 latet
1113 2261 1147 2324 et
1159 2251 1351 2347 aliquando

282 2371 456 2468 erumpit,
474 2371 569 2445 unde
588 2371 708 2460 illum,
727 2372 793 2445 nisi
813 2372 989 2447 ePorticu
1010 2373 1197 2468 flagranter
1215 2385 1350 2466 amata,

281 2487 486 2585 putabimus
502 2491 714 2566 accensum?
727 2491 870 2566 Persius
884 2492 990 2586 igitur
1004 2493 1121 2567 stoicis
1136 2515 1207 2566 non
1223 2517 1351 2591 parum

283 2611 420 2702 debuit,
439 2612 468 2686 si
486 2613 554 2686 iltis
571 2615 634 2688 bas
653 2615 738 2688 duas
759 2615 879 2689 debuit
898 2616 1064 2690 orationis
1081 2616 1245 2707 virtutes,
1260 2642 1349 2715 qua-

280 2755 361 2807 rum
374 2735 480 2808 attera
495 2757 583 2833 opus
597 2736 832 2832 quodcunque
849 2759 956 2810 unam
971 2736 1106 2810 reducit
1121 2737 1163 2810 ad
1178 2739 1349 2830 sormam,

281 2856 387 2931 attera
407 2882 487 2932 vero
501 2860 530 2932 ei
543 2860 639 2955 quasi
658 2857 846 2956 quemdam
860 2860 1002 2957 igneum
1015 2861 1168 2936 iufundit
1183 2862 1349 2959 spiritum

281 2999 351 3074 quo
369 2977 480 3052 vivere
498 2990 531 3052 et
548 2979 681 3075 spirare
699 2979 864 3054 videatur.

333 3100 409 3174 Non
427 3101 619 3190 immerito,
639 3125 695 3176 me
716 3102 858 3199 quidem
875 3102 1012 3200 judice,
1031 3103 1192 3177 Persium
1211 3100 1348 3185 Quinti·

284 3223 398 3298 lianus
426 3235 460 3297 et
488 3223 625 3298 Bolaeus
655 3234 773 3298 noster
803 3225 1046 3312 laudaverunt,
1074 3246 1224 3321 quorum
1251 3222 1349 3319 prior

285 3345 386 3418 dixit:
417 3344 599 3418 «Multum
626 3354 660 3418 et
684 3367 772 3419 verae
795 3344 930 3440 gloriae,
955 3343 1113 3441 quamvis
1134 3365 1210 3440 uno
1236 3341 1347 3430 libro,

284 3464 426 3538 Persius
458 3465 640 3553 meruit,r
677 3464 849 3568 posterior
883 3474 999 3537 autem
1029 3487 1066 3551 se
1095 3471 1205 3561 poetae
1237 3459 1347 3535 nostri

284 3587 546 3684 perstudiosum
565 3588 671 3661 fuisse
695 3597 840 3660 testatus
859 3596 928 3674 est,
944 3587 1089 3684 ejusque
1112 3606 1246 3672 versus,
1266 3582 1347 3657 obs-

284 3733 388 3784 curos
408 3713 568 3807 quidem,
596 3711 655 3785 sed
685 3711 885 3796 adstrictos,
910 3710 1148 3798 vehementes
1173 3719 1206 3781 et
1223 3707 1346 3782 verbo·

281 3857 362 3906 rum
397 3857 587 3908 numerum
623 3833 873 3907 sententiarum
910 3854 1057 3906 numero
1092 3818 1345 3927 consequentes

280 3955 488 4052 praedicavit.
518 3956 553 4029 Si
582 3957 660 4052 quis
690 3956 783 4030 enim
802 3955 990 4029 reconditae
1017 3954 1207 4028 stoicorum
1237 3951 1344 4026 disci-

282 4079 388 4176 ptinae
405 4079 568 4177 idemque
597 4078 694 4153 latini
720 4077 891 4151 sermonis
915 4076 1195 4166 amantissimus,
1213 4064 1345 4173 persia-

280 4221 408 4272 norum
434 4199 632 4273 carminum
662 4197 810 4272 latebras
837 4198 942 4272 suerit
966 4207 1158 4286 scrutatus,
1187 4194 1344 4279 ibicum
