2970 5190
529 540 532 544 ·
576 497 646 571 tlt

10 682 27 719 r
71 647 233 722 moribus
249 646 359 719 multa
378 656 412 718 et
425 645 629 741 magnilica,
648 669 725 743 quae
742 647 954 744 protulimus
971 658 1005 719 et
1022 646 1135 719 dilau-

10 842 19 867 Ι,
69 769 248 858 davimuS,
263 766 374 866 poetis
389 767 543 840 romanis
558 769 755 841 exornanda
783 768 1057 867 suppeditavere.
1074 767 1141 841 Co-

70 889 194 988 gitanti
218 888 326 985 igitur
342 910 448 984 qnam
464 911 581 962 crasso
600 911 698 976 aere,
717 912 822 985 quam
842 889 1016 986 uliginoso
1040 891 1139 985 quasi

69 1012 145 1086 solo
172 1009 359 1084 adoleverit
384 1010 574 1083 stoicorum
599 1010 803 1108 disciplina,
831 1022 865 1084 et
883 1034 989 1107 quam
1013 1010 1140 1086 uberes

69 1153 113 1204 ac
125 1129 240 1202 varios
253 1127 401 1202 ediderit
413 1129 798 1217 sructus,'celeberrima
813 1131 1017 1204 recentioris
1031 1132 1142 1229 scrip-

71 1249 183 1322 toris¹
203 1247 306 1321 verba
323 1247 424 1320 latius
440 1258 557 1344 patere
576 1271 681 1343 quam
699 1248 772 1344 ipse
790 1249 905 1321 forsan
925 1250 1141 1324 existimave—
1199 1344 1203 1350 ι

75 1370 120 1443 rit
129 1369 220 1442 milri
236 1369 413 1456 videntur,
428 1379 587 1441 naturam
604 1370 797 1442 humanam
814 1369 974 1444 videlicet
992 1371 1142 1444 insolitis

73 1490 215 1565 nixibus
233 1512 273 1562 ex
290 1489 364 1562 alvo
383 1489 578 1586 profudisse
601 1490 844 1564 admirabilem
871 1491 967 1563 illam
990 1503 1143 1580 sectam,

73 1612 116 1685 iis
134 1611 265 1710 plantis
288 1610 457 1700 similem,
475 1633 561 1706 quas
581 1611 698 1700 telluS,
717 1612 915 1707 caliginosis
935 1613 969 1685 in
991 1613 1143 1708 regioni-

73 1733 161 1821 buS,
179 1755 219 1805 ex
236 1732 345 1806 humo
364 1732 552 1827 aliquando
570 1733 691 1828 gignit.

124 1855 361 1942 Quinetiam,
388 1856 550 1930 Porticus
568 1857 633 1929 lata
660 1857 815 1951 angustis
834 1868 988 1930 veterum
1006 1867 1144 1955 tempo-

74 2003 156 2053 rum
173 1978 332 2052 terminis
352 1999 420 2050 non
441 1978 582 2050 suerunt
601 1978 882 2073 circumscripta,
901 1978 959 2050 sed
981 1978 1072 2074 apud
1090 2000 1145 2050 re·

76 2112 195 2175 centes
214 2099 290 2173 aliis
308 2100 374 2173 sub
393 2100 654 2174 conditionibus
670 2102 790 2174 iterata
808 2113 900 2174 sunt.
920 2101 967 2174 Ut
984 2102 1162 2190 Grotium,

75 2229 282 2317 praeteream
302 2218 434 2316 dejure
449 2218 532 2292 belli
551 2229 585 2293 et
603 2221 717 2317 panio,
736 2245 775 2294 ex
792 2221 941 2295 Zenonis
959 2222 1145 2312 institutis,

74 2339 310 2425 scribentem,
326 2349 360 2410 et
376 2337 545 2410 Kantium
568 2339 759 2411 stoicorum
787 2351 956 2437 praecepta
976 2341 1019 2414 de
1034 2342 1145 2414 mori·
1173 2354 1177 2361 '

76 2461 146 2534 bus
168 2457 429 2544 restituentem,
450 2456 631 2530 Cornelius
655 2470 789 2546 noster,
816 2459 935 2554 utqui
958 2458 1089 2532 Seneca
1113 2469 1147 2532 et

77 2582 224 2652 Lucano
237 2578 384 2652 mirifice
406 2578 595 2652 delectatus
619 2578 742 2665 luerit,
760 2578 856 2674 juxta
874 2601 998 2652 eorum
1019 2578 1146 2676 placita

82 2726 167 2778 suas
193 2704 345 2777 condidit
372 2702 567 2797 tragoedias.
599 2701 690 2786 Quot
716 2701 810 2774 enim
837 2724 1003 2798 personas
1029 2703 1065 2775 in
1091 2703 1146 2774 his

79 2826 258 2924 praeclaris
275 2827 413 2899 inducit
430 2825 593 2922 operibus
617 2825 809 2922 appetitum
834 2824 981 2913 rationi,
1007 2848 1146 2898 summa

78 2972 151 3023 nou
169 2949 245 3023 sine
264 2949 501 3035 contentione,
520 2948 764 3044 subjicientes,
784 2959 818 3020 et
837 2947 1061 3022 audientibus
1078 2971 1148 3020 non

10 3094 12 3099 ·
36 3058 44 3067 ’
79 3070 360 3147 misericordiam
376 3093 499 3144 vanam
522 3081 557 3144 et
578 3070 733 3166 sapiente
751 3070 950 3165 indignam,
974 3072 1033 3145 sed
1053 3072 1149 3145 sruc-

81 3205 223 3264 tuosam
248 3200 282 3263 et
304 3212 381 3262 vere
408 3190 554 3263 stoicam
583 3187 851 3262 admirationem
875 3191 1071 3263 moventes!
1100 3188 1151 3262 Ita
1191 3210 1194 3219 ¹

82 3313 152 3385 hoc
179 3310 428 3406 tragediarum
447 3333 577 3404 genus,
602 3333 748 3397 novum,
771 3309 987 3399 inauditum,
1011 3310 1151 3383 Graeco-

82 3454 165 3506 rum
184 3431 360 3527 tragoediae
373 3431 468 3504 haud
486 3454 610 3528 parum
629 3429 814 3518 dissimile,
832 3430 927 3525 quod
944 3452 964 3504 a
979 3452 1016 3502 se
1031 3429 1152 3502 inven-

86 3565 163 3624 tum
182 3575 252 3625 non
274 3552 450 3625 immerito
469 3549 661 3648 praedicant
683 3559 858 3635 recenteS,
883 3571 902 3623 e
925 3548 1033 3621 stoico
1059 3548 1153 3621 lonte

85 3669 229 3744 cecidit!

135 3791 325 3879 Praeterea,
344 3790 398 3863 his
418 3790 632 3885 argumentis
651 3799 754 3884 atque
772 3786 939 3882 exemplis
959 3807 1064 3872 usus,
1080 3784 1152 3856 sor-

85 3912 167 3987 titer
186 3911 429 3986 affirmaverim
445 3911 554 4009 (quod
571 3932 641 3984 non
665 3909 778 3984 solum
803 3907 847 3982 ad
872 3918 991 4005 poetas
1017 3904 1153 3979 stoicis-

128 4203 135 4231 ¹
149 4203 352 4273 Montesquien.
371 4199 532 4258 Grandeur
545 4207 572 4274 ct
583 4199 744 4257 ddcadeuce
757 4198 807 4254 dec
820 4198 971 4265 Romulus,
987 4196 1029 4252 ch.
1044 4197 1111 4255 xttt.
