<?xml version="1.0" encoding="UTF-8"?>
<!DOCTYPE html PUBLIC "-//W3C//DTD XHTML 1.0 Transitional//EN"
    "http://www.w3.org/TR/xhtml1/DTD/xhtml1-transitional.dtd">
<html xmlns="http://www.w3.org/1999/xhtml" xml:lang="en" lang="en">
 <head>
  <title>
</title>
<meta http-equiv="Content-Type" content="text/html;charset=utf-8" />
  <meta name='ocr-system' content='tesseract 3.04.00' />
  <meta name='ocr-capabilities' content='ocr_page ocr_carea ocr_par ocr_line ocrx_word'/>
</head>
<body>
  <div class='ocr_page' id='page_1' title='image "./destoicadiscipl00ferrgoog_0065.png"; bbox 0 0 2970 5190; ppageno 0'>
   <div class='ocr_carea' id='block_1_1' title="bbox 682 483 728 557">
    <p class='ocr_par' dir='ltr' id='par_1_1' title="bbox 682 483 728 557">
     <span class='ocr_line' id='line_1_1' title="bbox 682 483 728 557; baseline 0 0"><span class='ocrx_word' id='word_1_1' title='bbox 682 483 728 557; x_wconf 75' lang='lat' dir='ltr'>m</span> 
     </span>
    </p>
   </div>
   <div class='ocr_carea' id='block_1_2' title="bbox 166 625 1248 1206">
    <p class='ocr_par' dir='ltr' id='par_1_2' title="bbox 166 625 1248 1206">
     <span class='ocr_line' id='line_1_2' title="bbox 206 625 1239 725; baseline -0.006 -20"><span class='ocrx_word' id='word_1_2' title='bbox 206 629 301 705; x_wconf 82' lang='lat' dir='ltr'>Haec</span> <span class='ocrx_word' id='word_1_3' title='bbox 315 629 520 704; x_wconf 79' lang='lat' dir='ltr'><strong>sublimiora</strong></span> <span class='ocrx_word' id='word_1_4' title='bbox 537 639 619 704; x_wconf 91' lang='lat' dir='ltr'>sunt</span> <span class='ocrx_word' id='word_1_5' title='bbox 634 651 741 725; x_wconf 88' lang='lat' dir='ltr'>quarn</span> <span class='ocrx_word' id='word_1_6' title='bbox 757 650 835 724; x_wconf 87' lang='lat' dir='ltr'>quae</span> <span class='ocrx_word' id='word_1_7' title='bbox 854 651 872 701; x_wconf 92' lang='lat' dir='ltr'>a</span> <span class='ocrx_word' id='word_1_8' title='bbox 891 626 1054 701; x_wconf 81' lang='lat' dir='ltr'>severiori</span> <span class='ocrx_word' id='word_1_9' title='bbox 1071 625 1239 701; x_wconf 79' lang='lat' dir='ltr'>Porticus</span> 
     </span>
     <span class='ocr_line' id='line_1_3' title="bbox 170 736 1248 850; baseline -0.004 -25"><span class='ocrx_word' id='word_1_10' title='bbox 170 751 269 827; x_wconf 90' lang='lat' dir='ltr'>Musa</span> <span class='ocrx_word' id='word_1_11' title='bbox 284 752 427 827; x_wconf 91' lang='lat' dir='ltr'>eximios</span> <span class='ocrx_word' id='word_1_12' title='bbox 449 775 569 827; x_wconf 88' lang='lat' dir='ltr'>versus</span> <span class='ocrx_word' id='word_1_13' title='bbox 587 775 659 827; x_wconf 91' lang='lat' dir='ltr'>non</span> <span class='ocrx_word' id='word_1_14' title='bbox 680 751 921 850; x_wconf 80' lang='lat' dir='ltr'>expresserint.</span> <span class='ocrx_word' id='word_1_15' title='bbox 947 750 1069 846; x_wconf 90' lang='lat' dir='ltr'>ltaque</span> <span class='ocrx_word' id='word_1_16' title='bbox 1095 736 1248 826; x_wconf 58' lang='lat' dir='ltr'>theolo?</span> 
     </span>
     <span class='ocr_line' id='line_1_4' title="bbox 167 872 1237 973; baseline -0.003 -24"><span class='ocrx_word' id='word_1_17' title='bbox 167 896 232 972; x_wconf 79' lang='lat' dir='ltr'>gns</span> <span class='ocrx_word' id='word_1_18' title='bbox 258 875 316 951; x_wconf 92' lang='lat' dir='ltr'>ille</span> <span class='ocrx_word' id='word_1_19' title='bbox 335 876 526 950; x_wconf 82' lang='lat' dir='ltr'>stoicorum</span> <span class='ocrx_word' id='word_1_20' title='bbox 544 886 644 973; x_wconf 89' lang='lat' dir='ltr'>poeta</span> <span class='ocrx_word' id='word_1_21' title='bbox 669 875 833 950; x_wconf 82' lang='lat' dir='ltr'>Manilius</span> <span class='ocrx_word' id='word_1_22' title='bbox 851 875 1017 972; x_wconf 87' lang='lat' dir='ltr'>praeclare</span> <span class='ocrx_word' id='word_1_23' title='bbox 1041 872 1237 949; x_wconf 88' lang='lat' dir='ltr'>enuntiavit</span> 
     </span>
     <span class='ocr_line' id='line_1_5' title="bbox 166 993 1239 1093; baseline -0.005 -22"><span class='ocrx_word' id='word_1_24' title='bbox 166 1019 244 1093; x_wconf 87' lang='lat' dir='ltr'>quae</span> <span class='ocrx_word' id='word_1_25' title='bbox 258 997 359 1072; x_wconf 90' lang='lat' dir='ltr'>nobis</span> <span class='ocrx_word' id='word_1_26' title='bbox 378 1019 460 1071; x_wconf 92' lang='lat' dir='ltr'>cum</span> <span class='ocrx_word' id='word_1_27' title='bbox 479 996 549 1070; x_wconf 88' lang='lat' dir='ltr'>Deo</span> <span class='ocrx_word' id='word_1_28' title='bbox 573 996 644 1071; x_wconf 93' lang='lat' dir='ltr'>sint</span> <span class='ocrx_word' id='word_1_29' title='bbox 667 996 888 1085; x_wconf 87' lang='lat' dir='ltr'>communia,</span> <span class='ocrx_word' id='word_1_30' title='bbox 912 1005 947 1069; x_wconf 95' lang='lat' dir='ltr'>et</span> <span class='ocrx_word' id='word_1_31' title='bbox 970 993 1149 1091; x_wconf 92' lang='lat' dir='ltr'>quomodo</span> <span class='ocrx_word' id='word_1_32' title='bbox 1166 994 1239 1067; x_wconf 85' lang='lat' dir='ltr'>lru-</span> 
     </span>
     <span class='ocr_line' id='line_1_6' title="bbox 166 1113 1198 1206; baseline -0.006 -16"><span class='ocrx_word' id='word_1_33' title='bbox 166 1139 271 1192; x_wconf 89' lang='lat' dir='ltr'>mana</span> <span class='ocrx_word' id='word_1_34' title='bbox 289 1116 377 1191; x_wconf 91' lang='lat' dir='ltr'>ratio</span> <span class='ocrx_word' id='word_1_35' title='bbox 392 1140 410 1190; x_wconf 89' lang='lat' dir='ltr'>a</span> <span class='ocrx_word' id='word_1_36' title='bbox 429 1115 543 1190; x_wconf 91' lang='lat' dir='ltr'>divina</span> <span class='ocrx_word' id='word_1_37' title='bbox 558 1115 708 1206; x_wconf 91' lang='lat' dir='ltr'>ratione,</span> <span class='ocrx_word' id='word_1_38' title='bbox 726 1115 853 1191; x_wconf 88' lang='lat' dir='ltr'>reluta</span> <span class='ocrx_word' id='word_1_39' title='bbox 872 1116 984 1204; x_wconf 87' lang='lat' dir='ltr'>sonte,</span> <span class='ocrx_word' id='word_1_40' title='bbox 1002 1113 1198 1189; x_wconf 92' lang='lat' dir='ltr'>derivetur:</span> 
     </span>
    </p>
   </div>
   <div class='ocr_carea' id='block_1_3' title="bbox 270 1311 1160 1672">
    <p class='ocr_par' dir='ltr' id='par_1_3' title="bbox 270 1311 1043 1478">
     <span class='ocr_line' id='line_1_7' title="bbox 272 1311 1043 1385; baseline 0 -15"><span class='ocrx_word' id='word_1_41' title='bbox 272 1313 340 1383; x_wconf 78' lang='lat' dir='ltr'>Quis</span> <span class='ocrx_word' id='word_1_42' title='bbox 354 1311 462 1369; x_wconf 90' lang='lat' dir='ltr'>dubitat</span> <span class='ocrx_word' id='word_1_43' title='bbox 472 1316 536 1383; x_wconf 90' lang='lat' dir='ltr'>post</span> <span class='ocrx_word' id='word_1_44' title='bbox 549 1312 606 1370; x_wconf 83' lang='lat' dir='ltr'>lraec</span> <span class='ocrx_word' id='word_1_45' title='bbox 619 1313 756 1370; x_wconf 88' lang='lat' dir='ltr'>hominem</span> <span class='ocrx_word' id='word_1_46' title='bbox 770 1315 938 1385; x_wconf 80' lang='lat' dir='ltr'>conjungere</span> <span class='ocrx_word' id='word_1_47' title='bbox 953 1311 1043 1370; x_wconf 83' lang='lat' dir='ltr'>coelo?</span> 
     </span>
     <span class='ocr_line' id='line_1_8' title="bbox 270 1403 946 1478; baseline 0 -15"><span class='ocrx_word' id='word_1_48' title='bbox 270 1405 401 1463; x_wconf 84' lang='lat' dir='ltr'>Eximiam</span> <span class='ocrx_word' id='word_1_49' title='bbox 417 1409 515 1462; x_wconf 88' lang='lat' dir='ltr'>natura</span> <span class='ocrx_word' id='word_1_50' title='bbox 528 1403 604 1462; x_wconf 88' lang='lat' dir='ltr'>dedit</span> <span class='ocrx_word' id='word_1_51' title='bbox 616 1405 792 1478; x_wconf 80' lang='lat' dir='ltr'>linguamque</span> <span class='ocrx_word' id='word_1_52' title='bbox 804 1420 946 1476; x_wconf 85' lang='lat' dir='ltr'>capaxque</span> 
     </span>
    </p>

    <p class='ocr_par' dir='ltr' id='par_1_4' title="bbox 271 1499 1160 1672">
     <span class='ocr_line' id='line_1_9' title="bbox 271 1499 1160 1574; baseline 0.001 -17"><span class='ocrx_word' id='word_1_53' title='bbox 271 1502 426 1573; x_wconf 84' lang='lat' dir='ltr'>Ingenium,</span> <span class='ocrx_word' id='word_1_54' title='bbox 442 1502 636 1572; x_wconf 84' lang='lat' dir='ltr'>volucremque</span> <span class='ocrx_word' id='word_1_55' title='bbox 652 1501 789 1560; x_wconf 79' lang='lat' dir='ltr'>animum?</span> <span class='ocrx_word' id='word_1_56' title='bbox 802 1517 883 1574; x_wconf 91' lang='lat' dir='ltr'>quem</span> <span class='ocrx_word' id='word_1_57' title='bbox 896 1499 1058 1573; x_wconf 86' lang='lat' dir='ltr'>denique&#39;in</span> <span class='ocrx_word' id='word_1_58' title='bbox 1074 1515 1160 1558; x_wconf 90' lang='lat' dir='ltr'>unum</span> 
     </span>
     <span class='ocr_line' id='line_1_10' title="bbox 272 1598 1060 1672; baseline -0.001 -16"><span class='ocrx_word' id='word_1_59' title='bbox 272 1600 420 1657; x_wconf 87' lang='lat' dir='ltr'>Descendit</span> <span class='ocrx_word' id='word_1_60' title='bbox 431 1601 507 1657; x_wconf 88' lang='lat' dir='ltr'>Deus</span> <span class='ocrx_word' id='word_1_61' title='bbox 523 1604 604 1670; x_wconf 87' lang='lat' dir='ltr'>atque</span> <span class='ocrx_word' id='word_1_62' title='bbox 619 1599 737 1672; x_wconf 86' lang='lat' dir='ltr'>habitat,</span> <span class='ocrx_word' id='word_1_63' title='bbox 751 1614 835 1672; x_wconf 89' lang='lat' dir='ltr'>seque</span> <span class='ocrx_word' id='word_1_64' title='bbox 850 1601 909 1672; x_wconf 92' lang='lat' dir='ltr'>ipse</span> <span class='ocrx_word' id='word_1_65' title='bbox 924 1598 1060 1671; x_wconf 82' lang='lat' dir='ltr'>requirit?</span> 
     </span>
    </p>
   </div>
   <div class='ocr_carea' id='block_1_4' title="bbox 271 1790 1056 1974">
    <p class='ocr_par' dir='ltr' id='par_1_5' title="bbox 271 1790 1056 1974">
     <span class='ocr_line' id='line_1_11' title="bbox 271 1790 976 1863; baseline 0.001 -16"><span class='ocrx_word' id='word_1_66' title='bbox 271 1791 340 1860; x_wconf 81' lang='lat' dir='ltr'>Quis</span> <span class='ocrx_word' id='word_1_67' title='bbox 353 1790 452 1847; x_wconf 87' lang='lat' dir='ltr'>coelum</span> <span class='ocrx_word' id='word_1_68' title='bbox 465 1795 574 1862; x_wconf 84' lang='lat' dir='ltr'>posset,</span> <span class='ocrx_word' id='word_1_69' title='bbox 589 1792 642 1848; x_wconf 91' lang='lat' dir='ltr'>nisi</span> <span class='ocrx_word' id='word_1_70' title='bbox 656 1792 719 1849; x_wconf 90' lang='lat' dir='ltr'>coeli</span> <span class='ocrx_word' id='word_1_71' title='bbox 733 1806 863 1863; x_wconf 80' lang='lat' dir='ltr'>munere,</span> <span class='ocrx_word' id='word_1_72' title='bbox 878 1806 976 1862; x_wconf 74' lang='lat' dir='ltr'>nosse,</span> 
     </span>
     <span class='ocr_line' id='line_1_12' title="bbox 271 1883 1056 1974; baseline -0.003 -30"><span class='ocrx_word' id='word_1_73' title='bbox 271 1887 305 1944; x_wconf 88' lang='lat' dir='ltr'>Et</span> <span class='ocrx_word' id='word_1_74' title='bbox 318 1887 437 1957; x_wconf 91' lang='lat' dir='ltr'>reperire</span> <span class='ocrx_word' id='word_1_75' title='bbox 450 1888 550 1959; x_wconf 85' lang='lat' dir='ltr'>Deum,</span> <span class='ocrx_word' id='word_1_76' title='bbox 564 1883 617 1943; x_wconf 89' lang='lat' dir='ltr'>nisi</span> <span class='ocrx_word' id='word_1_77' title='bbox 630 1888 676 1958; x_wconf 90' lang='lat' dir='ltr'>qui</span> <span class='ocrx_word' id='word_1_78' title='bbox 689 1902 753 1959; x_wconf 91' lang='lat' dir='ltr'>pars</span> <span class='ocrx_word' id='word_1_79' title='bbox 766 1889 825 1960; x_wconf 89' lang='lat' dir='ltr'>ipse</span> <span class='ocrx_word' id='word_1_80' title='bbox 839 1890 957 1946; x_wconf 86' lang='lat' dir='ltr'>Deorum</span> <span class='ocrx_word' id='word_1_81' title='bbox 970 1892 1013 1944; x_wconf 89' lang='lat' dir='ltr'>est</span> <span class='ocrx_word' id='word_1_82' title='bbox 1029 1885 1056 1974; x_wconf 62' lang='lat' dir='ltr'>{t</span> 
     </span>
    </p>
   </div>
   <div class='ocr_carea' id='block_1_5' title="bbox 168 2063 1235 2527">
    <p class='ocr_par' dir='ltr' id='par_1_6' title="bbox 168 2063 1235 2527">
     <span class='ocr_line' id='line_1_13' title="bbox 215 2063 1231 2163; baseline 0 -26"><span class='ocrx_word' id='word_1_83' title='bbox 215 2063 277 2137; x_wconf 93' lang='lat' dir='ltr'>His</span> <span class='ocrx_word' id='word_1_84' title='bbox 295 2063 331 2137; x_wconf 92' lang='lat' dir='ltr'>in</span> <span class='ocrx_word' id='word_1_85' title='bbox 356 2064 469 2139; x_wconf 88' lang='lat' dir='ltr'>verbis</span> <span class='ocrx_word' id='word_1_86' title='bbox 496 2065 627 2162; x_wconf 91' lang='lat' dir='ltr'>aliquid</span> <span class='ocrx_word' id='word_1_87' title='bbox 647 2065 788 2141; x_wconf 80' lang='lat' dir='ltr'>forsitan</span> <span class='ocrx_word' id='word_1_88' title='bbox 814 2066 925 2163; x_wconf 83' lang='lat' dir='ltr'>magis</span> <span class='ocrx_word' id='word_1_89' title='bbox 950 2065 993 2141; x_wconf 88' lang='lat' dir='ltr'>ad</span> <span class='ocrx_word' id='word_1_90' title='bbox 1020 2086 1231 2140; x_wconf 92' lang='lat' dir='ltr'>communes</span> 
     </span>
     <span class='ocr_line' id='line_1_14' title="bbox 168 2185 1231 2284; baseline -0.003 -26"><span class='ocrx_word' id='word_1_91' title='bbox 168 2185 354 2259; x_wconf 90' lang='lat' dir='ltr'>hominum</span> <span class='ocrx_word' id='word_1_92' title='bbox 369 2207 491 2259; x_wconf 92' lang='lat' dir='ltr'>sensus</span> <span class='ocrx_word' id='word_1_93' title='bbox 509 2196 543 2259; x_wconf 93' lang='lat' dir='ltr'>et</span> <span class='ocrx_word' id='word_1_94' title='bbox 560 2186 604 2259; x_wconf 88' lang='lat' dir='ltr'>ad</span> <span class='ocrx_word' id='word_1_95' title='bbox 618 2209 719 2261; x_wconf 86' lang='lat' dir='ltr'>aures</span> <span class='ocrx_word' id='word_1_96' title='bbox 734 2186 827 2284; x_wconf 85' lang='lat' dir='ltr'>vulgi</span> <span class='ocrx_word' id='word_1_97' title='bbox 843 2196 964 2284; x_wconf 91' lang='lat' dir='ltr'>aptum</span> <span class='ocrx_word' id='word_1_98' title='bbox 977 2194 1011 2260; x_wconf 91' lang='lat' dir='ltr'>et</span> <span class='ocrx_word' id='word_1_99' title='bbox 1028 2204 1231 2259; x_wconf 90' lang='lat' dir='ltr'>accommo-</span> 
     </span>
     <span class='ocr_line' id='line_1_15' title="bbox 169 2305 1235 2405; baseline -0.003 -24"><span class='ocrx_word' id='word_1_100' title='bbox 169 2307 290 2382; x_wconf 89' lang='lat' dir='ltr'>datum</span> <span class='ocrx_word' id='word_1_101' title='bbox 314 2306 508 2398; x_wconf 90' lang='lat' dir='ltr'>desideres;</span> <span class='ocrx_word' id='word_1_102' title='bbox 535 2307 595 2381; x_wconf 93' lang='lat' dir='ltr'>sed</span> <span class='ocrx_word' id='word_1_103' title='bbox 622 2308 727 2399; x_wconf 86' lang='lat' dir='ltr'>nihil,</span> <span class='ocrx_word' id='word_1_104' title='bbox 753 2308 875 2397; x_wconf 87' lang='lat' dir='ltr'>credo,</span> <span class='ocrx_word' id='word_1_105' title='bbox 898 2306 966 2404; x_wconf 86' lang='lat' dir='ltr'>legi</span> <span class='ocrx_word' id='word_1_106' title='bbox 990 2315 1118 2405; x_wconf 85' lang='lat' dir='ltr'>potest,</span> <span class='ocrx_word' id='word_1_107' title='bbox 1133 2305 1235 2401; x_wconf 70' lang='lat' dir='ltr'>¹quod</span> 
     </span>
     <span class='ocr_line' id='line_1_16' title="bbox 168 2408 1235 2527; baseline -0.005 -22"><span class='ocrx_word' id='word_1_108' title='bbox 168 2428 414 2527; x_wconf 82' lang='lat' dir='ltr'>cogitationem</span> <span class='ocrx_word' id='word_1_109' title='bbox 432 2440 587 2505; x_wconf 88' lang='lat' dir='ltr'>nostram</span> <span class='ocrx_word' id='word_1_110' title='bbox 606 2408 725 2505; x_wconf 72' lang='lat' dir='ltr'>efferat</span> <span class='ocrx_word' id='word_1_111' title='bbox 748 2430 792 2505; x_wconf 92' lang='lat' dir='ltr'>ad</span> <span class='ocrx_word' id='word_1_112' title='bbox 817 2429 970 2527; x_wconf 85' lang='lat' dir='ltr'>majora,</span> <span class='ocrx_word' id='word_1_113' title='bbox 987 2438 1021 2503; x_wconf 92' lang='lat' dir='ltr'>et</span> <span class='ocrx_word' id='word_1_114' title='bbox 1043 2427 1138 2524; x_wconf 93' lang='lat' dir='ltr'>quod</span> <span class='ocrx_word' id='word_1_115' title='bbox 1156 2426 1235 2500; x_wconf 87' lang='lat' dir='ltr'>ani-</span> 
     </span>
    </p>
   </div>
   <div class='ocr_carea' id='block_1_6' title="bbox 168 2551 1237 2775">
    <p class='ocr_par' dir='ltr' id='par_1_7' title="bbox 168 2551 1237 2775">
     <span class='ocr_line' id='line_1_17' title="bbox 168 2551 1237 2650; baseline -0.004 -22"><span class='ocrx_word' id='word_1_116' title='bbox 168 2575 265 2645; x_wconf 84' lang='lat' dir='ltr'>mos,</span> <span class='ocrx_word' id='word_1_117' title='bbox 292 2553 464 2630; x_wconf 89' lang='lat' dir='ltr'>immensa</span> <span class='ocrx_word' id='word_1_118' title='bbox 490 2553 645 2650; x_wconf 91' lang='lat' dir='ltr'>undique</span> <span class='ocrx_word' id='word_1_119' title='bbox 672 2565 706 2628; x_wconf 92' lang='lat' dir='ltr'>et</span> <span class='ocrx_word' id='word_1_120' title='bbox 732 2565 866 2635; x_wconf 56' lang='lat' dir='ltr'>aeterna„</span> <span class='ocrx_word' id='word_1_121' title='bbox 887 2551 1237 2650; x_wconf 80' lang='lat' dir='ltr'>circumspicientes,</span> 
     </span>
     <span class='ocr_line' id='line_1_18' title="bbox 168 2676 1074 2775; baseline 0 -25"><span class='ocrx_word' id='word_1_122' title='bbox 168 2677 407 2754; x_wconf 86' lang='lat' dir='ltr'>vehementius</span> <span class='ocrx_word' id='word_1_123' title='bbox 425 2699 523 2754; x_wconf 89' lang='lat' dir='ltr'>sacra</span> <span class='ocrx_word' id='word_1_124' title='bbox 541 2677 641 2773; x_wconf 89' lang='lat' dir='ltr'>quasi</span> <span class='ocrx_word' id='word_1_125' title='bbox 659 2676 845 2752; x_wconf 85' lang='lat' dir='ltr'>formidine</span> <span class='ocrx_word' id='word_1_126' title='bbox 864 2684 1074 2775; x_wconf 89' lang='lat' dir='ltr'>permoveat.</span> 
     </span>
    </p>
   </div>
   <div class='ocr_carea' id='block_1_7' title="bbox 322 3095 994 3330">
    <p class='ocr_par' dir='ltr' id='par_1_8' title="bbox 322 3095 994 3330">
     <span class='ocr_line' id='line_1_19' title="bbox 591 3095 817 3184; baseline -0.009 -1"><span class='ocrx_word' id='word_1_127' title='bbox 591 3108 735 3184; x_wconf 82' lang='lat' dir='ltr'><strong>CAPUT</strong></span> <span class='ocrx_word' id='word_1_128' title='bbox 761 3095 817 3183; x_wconf 88' lang='lat' dir='ltr'>lX.</span> 
     </span>
     <span class='ocr_line' id='line_1_20' title="bbox 322 3226 994 3330; baseline 0 -3"><span class='ocrx_word' id='word_1_129' title='bbox 322 3227 328 3233; x_wconf 37' lang='lat'><strong><em>¹</em></strong></span> <span class='ocrx_word' id='word_1_130' title='bbox 412 3226 458 3327; x_wconf 79' lang='lat' dir='ltr'>on</span> <span class='ocrx_word' id='word_1_131' title='bbox 475 3273 564 3329; x_wconf 76' lang='lat' dir='ltr'>raro</span> <span class='ocrx_word' id='word_1_132' title='bbox 582 3274 674 3330; x_wconf 83' lang='lat' dir='ltr'>nruo</span> <span class='ocrx_word' id='word_1_133' title='bbox 690 3275 823 3330; x_wconf 78' lang='lat' dir='ltr'>rourns</span> <span class='ocrx_word' id='word_1_134' title='bbox 841 3272 994 3330; x_wconf 73' lang='lat' dir='ltr'>sacrdos,</span> 
     </span>
    </p>
   </div>
   <div class='ocr_carea' id='block_1_8' title="bbox 173 3475 1239 4068">
    <p class='ocr_par' dir='ltr' id='par_1_9' title="bbox 120 3475 1239 4068">
     <span class='ocr_line' id='line_1_21' title="bbox 223 3475 1238 3577; baseline -0.005 -25.553"><span class='ocrx_word' id='word_1_135' title='bbox 223 3475 410 3552; x_wconf 81' lang='lat' dir='ltr'>Christiani</span> <span class='ocrx_word' id='word_1_136' title='bbox 428 3476 614 3575; x_wconf 90' lang='lat' dir='ltr'>scriptores</span> <span class='ocrx_word' id='word_1_137' title='bbox 632 3479 733 3555; x_wconf 88' lang='lat' dir='ltr'>nobis</span> <span class='ocrx_word' id='word_1_138' title='bbox 752 3489 828 3553; x_wconf 85' lang='lat' dir='ltr'>turn</span> <span class='ocrx_word' id='word_1_139' title='bbox 854 3476 1048 3577; x_wconf 89' lang='lat' dir='ltr'>praesertim</span> <span class='ocrx_word' id='word_1_140' title='bbox 1072 3495 1238 3570; x_wconf 83' lang='lat' dir='ltr'>magnam</span> 
     </span>
     <span class='ocr_line' id='line_1_22' title="bbox 173 3596 1239 3699; baseline -0.004 -26"><span class='ocrx_word' id='word_1_141' title='bbox 173 3596 644 3699; x_wconf 26' lang='lat' dir='ltr'>injiciuntssadmirationem</span> <span class='ocrx_word' id='word_1_142' title='bbox 667 3624 749 3676; x_wconf 93' lang='lat' dir='ltr'>cum</span> <span class='ocrx_word' id='word_1_143' title='bbox 773 3612 944 3676; x_wconf 90' lang='lat' dir='ltr'>aeternum</span> <span class='ocrx_word' id='word_1_144' title='bbox 963 3610 1067 3697; x_wconf 88' lang='lat' dir='ltr'>atque</span> <span class='ocrx_word' id='word_1_145' title='bbox 1084 3598 1239 3672; x_wconf 93' lang='lat' dir='ltr'>immen-</span> 
     </span>
     <span class='ocr_line' id='line_1_23' title="bbox 174 3720 1239 3822; baseline -0.002 -25"><span class='ocrx_word' id='word_1_146' title='bbox 174 3746 254 3798; x_wconf 89' lang='lat' dir='ltr'>sum</span> <span class='ocrx_word' id='word_1_147' title='bbox 273 3723 451 3821; x_wconf 87' lang='lat' dir='ltr'>quoddam</span> <span class='ocrx_word' id='word_1_148' title='bbox 467 3749 599 3800; x_wconf 91' lang='lat' dir='ltr'>numen</span> <span class='ocrx_word' id='word_1_149' title='bbox 611 3725 710 3801; x_wconf 89' lang='lat' dir='ltr'>nobis</span> <span class='ocrx_word' id='word_1_150' title='bbox 724 3725 930 3814; x_wconf 88' lang='lat' dir='ltr'>ostendunt,</span> <span class='ocrx_word' id='word_1_151' title='bbox 949 3724 1042 3822; x_wconf 90' lang='lat' dir='ltr'>quod</span> <span class='ocrx_word' id='word_1_152' title='bbox 1056 3746 1075 3797; x_wconf 92' lang='lat' dir='ltr'>e</span> <span class='ocrx_word' id='word_1_153' title='bbox 1089 3720 1169 3797; x_wconf 79' lang='lat' dir='ltr'>coeli</span> <span class='ocrx_word' id='word_1_154' title='bbox 1181 3743 1239 3795; x_wconf 86' lang='lat' dir='ltr'>re-</span> 
     </span>
     <span class='ocr_line' id='line_1_24' title="bbox 174 3846 1239 3944; baseline -0.003 -24"><span class='ocrx_word' id='word_1_155' title='bbox 174 3846 336 3944; x_wconf 82' lang='lat' dir='ltr'>gionibus</span> <span class='ocrx_word' id='word_1_156' title='bbox 354 3851 476 3926; x_wconf 89' lang='lat' dir='ltr'>orbem</span> <span class='ocrx_word' id='word_1_157' title='bbox 491 3860 664 3924; x_wconf 88' lang='lat' dir='ltr'>terrarum</span> <span class='ocrx_word' id='word_1_158' title='bbox 679 3849 899 3923; x_wconf 90' lang='lat' dir='ltr'>administrat</span> <span class='ocrx_word' id='word_1_159' title='bbox 917 3856 1098 3942; x_wconf 89' lang='lat' dir='ltr'>curatque,</span> <span class='ocrx_word' id='word_1_160' title='bbox 1115 3856 1149 3918; x_wconf 95' lang='lat' dir='ltr'>et</span> <span class='ocrx_word' id='word_1_161' title='bbox 1163 3866 1239 3917; x_wconf 91' lang='lat' dir='ltr'>om·</span> 
     </span>
     <span class='ocr_line' id='line_1_25' title="bbox 175 3963 1234 4068; baseline -0.004 -27"><span class='ocrx_word' id='word_1_162' title='bbox 175 3967 251 4058; x_wconf 85' lang='lat' dir='ltr'>nia,</span> <span class='ocrx_word' id='word_1_163' title='bbox 263 3968 367 4044; x_wconf 90' lang='lat' dir='ltr'>etiarn</span> <span class='ocrx_word' id='word_1_164' title='bbox 381 3970 549 4068; x_wconf 86' lang='lat' dir='ltr'>pessima,</span> <span class='ocrx_word' id='word_1_165' title='bbox 565 3967 843 4043; x_wconf 87' lang='lat' dir='ltr'>immutabilibus</span> <span class='ocrx_word' id='word_1_166' title='bbox 857 3965 992 4065; x_wconf 82' lang='lat' dir='ltr'>legibus</span> <span class='ocrx_word' id='word_1_167' title='bbox 1006 3964 1179 4063; x_wconf 91' lang='lat' dir='ltr'>optimum</span> <span class='ocrx_word' id='word_1_168' title='bbox 1191 3963 1234 4038; x_wconf 93' lang='lat' dir='ltr'>ad</span> 
     </span>
    </p>
   </div>
   <div class='ocr_carea' id='block_1_9' title="bbox 210 4203 609 4278">
    <p class='ocr_par' dir='ltr' id='par_1_10' title="bbox 210 4203 609 4278">
     <span class='ocr_line' id='line_1_26' title="bbox 210 4203 609 4278; baseline -0.01 -12"><span class='ocrx_word' id='word_1_169' title='bbox 210 4203 306 4266; x_wconf 86' lang='lat' dir='ltr'>¹ldan.</span> <span class='ocrx_word' id='word_1_170' title='bbox 321 4207 410 4277; x_wconf 59' lang='lat' dir='ltr'>Astra,</span> <span class='ocrx_word' id='word_1_171' title='bbox 425 4207 443 4262; x_wconf 92' lang='lat' dir='ltr'>l.</span> <span class='ocrx_word' id='word_1_172' title='bbox 458 4207 480 4264; x_wconf 93' lang='lat' dir='ltr'>ll</span> <span class='ocrx_word' id='word_1_173' title='bbox 487 4251 493 4278; x_wconf 81' lang='grc'><em>,</em></span> <span class='ocrx_word' id='word_1_174' title='bbox 507 4223 532 4264; x_wconf 86' lang='lat' dir='ltr'>v.</span> <span class='ocrx_word' id='word_1_175' title='bbox 549 4211 609 4265; x_wconf 77' lang='lat' dir='ltr'>tou.</span> 
     </span>
    </p>
   </div>
   <div class='ocr_carea' id='block_1_10' title="bbox 0 0 1490 5190">
    <p class='ocr_par' dir='ltr' id='par_1_11' title="bbox 0 0 1490 5190">
     <span class='ocr_line' id='line_1_27' title="bbox 0 0 1490 5190; baseline 0 0"><span class='ocrx_word' id='word_1_176' title='bbox 0 0 1490 5190; x_wconf 95' lang='lat' dir='ltr'> </span> 
     </span>
    </p>
   </div>
  </div>
 </body>
</html>
