2970 5190
697 538 770 612 134

251 677 301 750 Ex
319 677 373 751 bis
391 680 556 755 omnibus
575 694 728 773 constat,
743 684 836 780 quod
848 684 921 782 jam
940 685 984 759 ab
1001 684 1100 760 initio
1119 679 1270 763 conten·

202 798 335 891 dimus,
354 812 534 879 auctorem
548 813 726 896 nostrum,
741 816 847 903 prout
863 828 1092 904 personarum
1111 819 1172 884 aut
1189 833 1269 885 mo·

203 945 257 998 res
279 925 449 1043 autvdicta
469 928 679 1021 attenderis,
707 940 767 1005 aut
790 952 1014 1032 nequaquam
1036 927 1097 1008 aut
1119 934 1267 1011 omniuo

202 1046 353 1129 stoicum
364 1049 444 1153 jure
458 1051 527 1128 dici
542 1036 654 1151 posse.

601 1403 748 1481 CAPUT
772 1405 860 1482 XlX.

416 1569 463 1626 urs
481 1567 620 1625 nucuuo
637 1569 836 1626 srorconun
850 1569 1046 1626 orscrruuo.

249 1795 391 1869 Senecae
412 1803 447 1868 et
469 1791 604 1867 Lucani
622 1790 800 1867 scribendi
828 1813 938 1887 genus
963 1789 1217 1886 consideranti,
1235 1806 1269 1869 et

201 1913 377 2011 quomodo
395 1934 436 1987 ac
454 1894 627 2009 quatenus
643 1911 680 1984 hi
699 1910 769 1985 duo
784 1920 894 2008 poetae
917 1908 1018 1985 stoici
1043 1910 1174 1984 fuerint
1192 1935 1270 1988 me-

202 2060 284 2111 cum
299 2035 497 2134 reputanti,
519 2033 725 2109 incredibile
745 2042 797 2108 est
821 2042 950 2130 quanta
977 2032 1068 2108 inter
1091 2057 1151 2109 eos
1170 2035 1270 2112 sirni-

202 2157 313 2234 litudo
328 2181 404 2233 esse
430 2158 598 2233 videatur.
619 2157 774 2254 Uterque
790 2156 902 2246 euim,
918 2179 1001 2231 cum
1018 2179 1179 2254 personae
1194 2160 1271 2234 cui-

202 2306 270 2381 que
287 2281 411 2357 tribuit
424 2282 707 2380 impotentiorem
725 2303 831 2378 quam
850 2280 1040 2378 aequiorem
1062 2280 1222 2356 animum
1237 2293 1272 2358 et

203 2403 384 2477 rhetorum
403 2403 561 2478 officinas
580 2401 696 2500 potius
719 2424 825 2499 quam
851 2401 1043 2476 stoicorum
1062 2402 1201 2478 scholas
1217 2426 1272 2479 re·

203 2523 396 2612 dolentem,
416 2521 621 2598 eorumdem
639 2522 832 2597 stoicorum
855 2532 970 2597 tamen
990 2522 1144 2618 insignes
1163 2545 1271 2621 quos-

204 2647 285 2721 dam
300 2647 481 2745 usurpavit
496 2647 612 2738 locos,
636 2645 697 2742 qui
719 2656 840 2721 utrum
858 2645 969 2742 magis
986 2667 1104 2720 versus
1123 2668 1271 2722 exorna-

202 2769 332 2858 verint,
358 2791 402 2842 an
427 2768 585 2843 versibus
615 2766 770 2842 exornati
798 2766 929 2842 suerint
956 2760 1131 2841 incertum
1152 2776 1211 2842 est
1235 2778 1272 2842 et

31 2910 34 2914 ’
108 2946 111 2951 n
204 2892 437 2991 injudicatum
453 2892 624 2989 relinquo.

251 3015 342 3101 Quid
361 3017 455 3090 enim
471 3026 530 3090 aut
547 3012 715 3089 institutis
736 3010 945 3101 stoicorum,
964 3012 1025 3109 qui
1047 3033 1186 3110 semper
1203 3033 1271 3086 na-

204 3149 318 3213 turam
336 3139 463 3213 ducem
479 3138 672 3227 habebant,
695 3133 892 3225 inimicius,
911 3144 971 3209 aut
988 3135 1104 3209 fucato
1128 3133 1271 3210 dicendi

204 3260 339 3355 generi,
358 3281 426 3356 quo
449 3259 605 3334 rhetores
628 3258 680 3331 uti
695 3255 871 3344 solebant,
889 3254 1140 3354 propinquius,
1162 3278 1273 3353 quam

206 3381 299 3478 quod
326 3378 473 3471 Marius,
501 3389 641 3454 auctore
668 3377 811 3453 Lucano
822 3413 836 3468 ,·
850 3400 913 3452 sua
937 3377 1035 3474 signa
1058 3375 1145 3452 nulli
1172 3398 1274 3451 com-

205 3501 319 3591 misit,
345 3500 403 3598 qui
430 3501 505 3598 jam
534 3499 724 3573 sceleribus
755 3519 825 3572 nou
856 3507 946 3572 esset
972 3497 1149 3572 famosus?
1177 3495 1273 3582 Quid

206 3624 300 3721 quod
315 3623 431 3721 ipsum
445 3623 630 3713 Caesarem,
651 3623 768 3697 minus
784 3631 877 3696 certe
892 3622 1078 3719 impetuet
1091 3621 1142 3694 ira
1163 3643 1272 3717 quam

207 3745 352 3821 consilio
370 3758 404 3821 et
422 3746 555 3820 ratione
573 3747 678 3821 rebus
696 3743 857 3841 gerendis
872 3754 1067 3835 assuetum,
1082 3743 1175 3818 idem
1194 3743 1270 3817 Lu-

208 3894 317 3945 canus
336 3870 420 3944 dixit
437 3872 473 3944 in
495 3894 571 3945 eam
591 3871 772 3945 efferatum
790 3871 896 3944 fuisse
914 3869 1066 3958 rabiem,
1082 3878 1137 3956 ut,
1157 3868 1273 3941 borri-

207 3991 269 4067 bili
284 3991 413 4066 civium
427 3990 518 4065 edita
537 4003 666 4086 strage,
691 4012 796 4087 quarn
817 3990 887 4064 ulla
906 3989 980 4064 sine
995 4011 1132 4086 pugno,
1150 4010 1271 4063 rerum

208 4116 311 4214 potiri
330 4115 517 4191 maluerit‘.l

257 4238 346 4313 Cum
364 4248 500 4328 autem,
523 4261 592 4313 non
612 4237 648 4312 in
671 4238 787 4336 pejus,
804 4236 864 4312 sed
888 4235 925 4309 in
950 4235 1075 4311 melius
1097 4256 1152 4310 res
1168 4242 1272 4331 auget
