2970 5190
717 506 764 578 85

206 651 372 726 omnibus
393 673 547 726 3333333
566 663 601 726 31
618 650 683 726 3113
703 651 860 749 ejusdem
878 653 1016 748 generis
1033 674 1051 726 a
1071 661 1171 750 poeta
1187 652 1273 728 stoi-

206 776 356 851 cissante
375 775 599 874 potissimum
618 774 780 850 debuisse
798 775 985 872 proficisci.
1070 765 1072 770 ’

254 898 353 973 Idem
372 897 415 973 de
433 898 608 996 epitaphio
634 908 685 972 est
702 897 991 989 existimandum,
1019 898 1055 972 in
1078 920 1147 996 quo
1172 920 1273 973 snam

206 1046 287 1119 erga
307 1023 595 1121 Metrophanem,
613 1043 726 1096 unum
745 1043 764 1094 e
788 1022 914 1112 servis,
931 1021 1209 1098 benevolentiam
1226 1022 1273 1095 si-

205 1146 371 1243 gnificat:
690 1157 694 1160 ’

221 1353 226 1364 “
314 1341 408 1400 servu'
423 1353 512 1412 neque
526 1340 627 1397 infidus
642 1341 767 1412 domino,
784 1352 875 1411 neque
889 1337 988 1397 inutili'
1002 1339 1150 1411 quoiquam

349 1433 453 1493 Luceill
467 1433 611 1491 columella
624 1434 685 1491 heic
701 1433 764 1490 situ’
778 1433 984 1503 Metrophanes.

255 1609 322 1696 Qui
339 1631 475 1701 versus,
493 1609 607 1708 asperi
621 1608 764 1706 quidem
782 1615 817 1683 31
829 1606 928 1709 quasi
942 1588 1052 1705 (quod
1062 1607 1274 1706 jampridem

207 1731 489 1806 animadversum
507 1732 571 1828 est)
591 1721 657 1830 per
680 1730 835 1806 celebres
861 1739 893 1804 et
917 1752 1004 1804 33333
1021 1728 1196 1819 colentes,
1214 1753 1275 1827 gc-

207 1828 336 1926 333333
352 1860 468 1926 tamen
484 1873 524 1924 ac
540 1872 619 1924 raro
630 1849 731 1956 >apud
744 1858 874 1923 veteres
889 1848 1016 1923 aflectu
1030 1849 1201 1946 insignes,
1214 1861 1275 1924 aut

207 2000 225 2050 a
246 1976 337 2051 hona
356 1986 466 2075 poetae
483 1984 625 2066 natura,
644 1985 706 2048 aut
729 1997 748 2048 a
770 1973 881 2049 nobili
904 1973 1052 2047 Zenonis
1071 1973 1273 2072 disciplina,

203 2081 347 2176 3313313
378 2101 492 2190 13313,
524 2099 667 2173 derivati
699 2099 852 2173 luerunt.
885 2097 997 2172 Nemo
1032 2098 1128 2172 enim
1164 2099 1274 2174 nescit

208 2234 339 2323 quanto
359 2245 478 2298 amore
495 2243 612 2297 servos
638 2221 737 2295 stoici
764 2220 913 2320 amplexi
931 2220 1074 2310 luerint,
1097 2220 1197 2318 cujus
1222 2221 1273 2295 331

207 2369 318 2446 quum
337 2346 422 2420 alios
438 2344 584 2436 multoe,
603 2355 679 2419 tum
698 2344 848 2420 maxime
871 2343 1040 2418 Senecam
1059 2341 1271 2440 locupletem

206 2470 378 2545 habemus
393 2451 538 2545 testem:
569 2468 694 2543 «Servi
719 2468 827 2542 sunt?
848 2466 972 2563 inquit.
999 2465 1074 2540 lmo
1100 2466 1271 2542 homines.

206 2593 302 2668 Servi
316 2593 419 2667 sunt?
435 2592 510 2666 Imo
526 2591 807 2666 contubernales.
826 2589 920 2664 Servi
940 2587 1135 2663 3333111333
1153 2587 1272 2663 humi-

207 2711 386 2790 1333313131.
405 2714 500 2790 Servi
516 2715 623 2788 sunt?
638 2713 714 2788 lmo
731 2712 907 2802 conservi,
927 2712 956 2786 si
975 2711 1177 2808 cogitaveris
1194 2720 1271 2788 tan·

208 2835 367 2911 tumdem
385 2835 421 2908 in
439 2844 605 2932 utrosque
623 2834 728 2908 licere
746 2832 959 2907 1331333313

255 2953 347 3040 auid
364 2954 407 3028 de
426 2954 583 3029 versibus
608 2952 724 3027 dicam
751 2951 879 3047 quibus
898 2960 1016 3024 noster
1034 2959 1135 3050 poeta
1153 2950 1270 3048 exagi-

208 3088 257 3152 tat
274 3077 434 3152 homines
450 3076 630 3151 terricolas
649 3074 787 3150 Lamias
807 3084 964 3149 metuere
991 3084 1025 3148 31
1048 3075 1192 3150 13333333
1215 3098 1272 3150 33-

206 3198 305 3289 litos‚·
321 3207 380 3272 aut
398 3196 440 3273 de
452 3197 618 3271 carmine
636 3195 670 3269 13
691 3219 760 3293 quo
772 3196 893 3270 lovem
912 3194 1049 3270 inducit
1066 3196 1158 3292 gravi
1180 3197 1271 3273 desi-

208 3319 303 3394 derio
321 3329 456 3394 motum
470 3319 563 3416 quod
578 3318 687 3416 priori
705 3319 850 3393 deorum
866 3341 938 3392 non
955 3318 1093 3393 alluerit
1105 3320 1270 3411 33331113,

208 3455 243 3521 31
274 3442 420 3517 candide
452 3451 656 3539 querentem
685 3442 779 3539 quod
809 3441 974 3516 mortales
1006 3442 1121 3516 deum·
1141 3465 1272 3516 unum-

208 3585 383 3661 quemque
410 3561 518 3660 patris
550 3561 693 3636 nomine
725 3561 898 3652 salutent,
927 3570 962 3636 et
991 3561 1196 3658 Neptunum
1225 3561 1273 3636 ita

208 3685 377 3782 implicite
395 3683 478 3759 lacit
500 3684 725 3781 loquentem,
743 3693 783 3757 ut
800 3682 988 3758 novissime
1017 3683 1111 3758 dicat
1136 3683 1187 3759 rei
1210 3706 1273 3758 no·

208 3809 293 3882 dum
313 3806 514 3882 disserendo
531 3806 685 3900 expediri
699 3827 769 3882 non
784 3827 906 3904 posse,

298 4003 370 4064 'Nec
384 4003 408 4062 si
423 4002 590 4074 carneadem
605 4003 695 4091 ipsum
708 3986 742 4062 331
756 4014 808 4062 333
819 4002 902 4062 Orcu'
916 3999 1054 4061 3333111311

247 4242 253 4272 ¹
266 4244 329 4302 sen.
344 4243 398 4318 Ep.
412 4242 456 4303 tt.
