2970 5190
707 454 755 527 60

203 609 255 672 tos
271 599 403 673 faciunt
426 611 460 673 et
479 611 627 673 movent.
647 599 705 674 Sic
725 601 863 674 Marcus
880 599 1015 674 Tullius
1038 620 1109 674 non
1129 599 1206 696 ipse
1232 601 1275 674 de

203 721 463 795 immortalitate
482 723 682 796 animorum
698 723 853 812 disserit,
869 722 931 796 sed
947 722 1113 796 Catonem
1133 722 1276 796 inducit

203 843 269 916 lrac
286 842 328 916 de
344 863 381 915 re
400 842 656 939 disputantem,
674 855 943 940 sperantemque
967 844 1039 917 iore
1055 853 1096 915 ut
1109 841 1274 918 Marcum

202 966 315 1041 filium
335 976 579 1064 postmortem
595 967 722 1056 videat,
741 980 775 1040 et
795 990 858 1040 nos
878 966 957 1040 talia
975 967 1139 1063 lingendo
1158 968 1274 1042 multo

201 1089 327 1163 melius
357 1098 529 1180 moratum
561 1088 612 1163 sic
643 1088 787 1162 illustris
815 1099 934 1186 poeta,
963 1088 1106 1186 aequalis
1133 1100 1275 1180 noster,

202 1213 324 1286 eadem
340 1212 499 1286 instituta
514 1213 721 1310 quaestione,
738 1237 814 1288 rem
832 1213 990 1289 tristibus
1012 1224 1155 1288 exornat
1168 1214 1276 1289 versi-

166 1384 170 1390 ·
203 1333 285 1422 bus,
302 1332 387 1407 dum
402 1344 599 1422 amantem,
616 1333 773 1408 crinibus
787 1334 914 1431 passis,
929 1332 1100 1431 depingit,
1118 1333 1156 1406 in
1175 1357 1276 1408 mor·

203 1455 255 1531 tui
270 1456 360 1530 lecto
379 1455 568 1546 reclinem,
587 1468 647 1531 aut
664 1455 753 1531 sacri
771 1455 849 1530 aeris
872 1453 1013 1552 lugubri
1034 1477 1121 1530 sono
1139 1457 1274 1531 attoni-

204 1589 255 1654 tas
275 1600 375 1653 aures
394 1578 510 1676 pulsat
524 1580 548 1650 ¹.

251 1699 442 1797 Propositae
469 1698 653 1797 quaestioni
682 1697 771 1773 mira
799 1697 952 1795 quadam
980 1721 1063 1774 cum
1088 1701 1274 1800 majestate

205 1824 457 1924 respondetur:
499 1914 505 1928 .

307 1994 446 2065 Quidquid
463 1993 505 2050 sol
520 1994 626 2064 oriens,
639 1993 773 2064 quidquid
787 1996 815 2049 ct
828 1992 959 2051 occidens

309 2090 403 2161 Novit,
419 2088 548 2145 coeruleis
563 2090 690 2146 Oceanus
703 2088 781 2145 iretis

308 2187 448 2260 Quidquid
461 2188 503 2245 vel
519 2189 649 2260 veniens,
664 2189 707 2245 vel
721 2188 831 2261 lugiens
844 2188 930 2254 lavat,

308 2283 385 2340 AEtas
399 2284 518 2352 Pegaseo
532 2282 662 2353 corripiet
674 2282 769 2354 gradu.

253 2429 318 2505 llic
335 2429 438 2504 velim
457 2440 595 2528 poetam
618 2451 636 2503 a
662 2428 807 2520 sabulis,
834 2422 921 2525 quas
949 2428 1074 2527 carpit,
1101 2429 1190 2502 nihil
1210 2429 1272 2505 de-

203 2553 395 2651 sumpsisse
405 2579 414 2642 ;
433 2553 493 2626 sed
509 2563 638 2649 quanta
652 2552 828 2627 celeritate
844 2532 1049 2643 verborum,
1064 2573 1171 2649 quam
1186 2575 1272 2626 con-

204 2681 308 2755 citato
327 2679 465 2754 dicendi
494 2679 626 2776 impetu
652 2677 816 2776 rapidum
842 2678 1007 2752 humanae
1024 2677 1100 2751 vitae
1120 2699 1269 2752 cursum

203 2803 239 2876 in
266 2802 307 2876 iis
336 2823 414 2898 quaa
442 2810 610 2898 praetereo
637 2799 784 2874 effinxit!
813 2800 860 2874 Ut
884 2800 1003 2876 sumus
1020 2799 1209 2891 evanescit,
1232 2813 1271 2876 ut

203 2927 376 3026 disjicitur
393 2926 524 3016 nubes,

308 3099 353 3155 Sic
367 3098 425 3169 hic,
440 3111 493 3167 quo
507 3099 643 3169 regimur,
658 3099 772 3169 spiritus
785 3098 887 3156 effluet.

207 3244 210 3251 .
308 3194 374 3248 Post
389 3196 503 3248 mortem
517 3192 584 3248 nihil
597 3196 655 3262 est,
669 3193 783 3263 ipsaque
796 3205 871 3249 mors
885 3190 960 3248 nihil.

310 3386 391 3456 Spem
405 3392 509 3456 ponant
521 3385 605 3457 avidi3
619 3385 745 3458 solliciti,
762 3391 872 3443 metum.

345 3629 353 3668 ¹
372 3628 444 3699 Qu’il
457 3642 492 3685 ne
505 3630 599 3700 puisse
613 3629 646 3686 dc
659 3629 716 3685 loin
729 3627 861 3685 entendre
876 3633 941 3685 sans
953 3627 1047 3686 trtntr

345 3730 380 3785 Le
395 3728 473 3784 triste
488 3728 571 3785 chaat
583 3728 632 3784 des
644 3730 731 3783 murts
743 3730 804 3783 tout
817 3726 878 3797 pret
889 3714 906 3782 a
919 3727 1048 3798 retentir,

345 3824 396 3879 Les
409 3821 519 3892 sonpirs
533 3820 649 3878 dtoutics
664 3821 747 3879 d'nne
760 3826 867 3878 amante
880 3835 915 3880 ou
928 3821 993 3879 d'un
1005 3822 1091 3895 intre,

344 3916 505 3987 suspendas
520 3932 569 3974 snr
581 3919 623 3974 les
638 3917 723 3974 hords
736 3917 769 3974 de
783 3931 834 3974 son
849 3918 882 3975 lit
894 3917 1045 3990 lundrairc,

343 4017 385 4071 011
399 4017 506 4074 l’airain
518 4018 668 4088 gemissant
683 4017 749 4074 dont
763 4018 804 4075 les
817 4031 883 4075 sons
896 4017 1015 4089 eperdus

344 4111 506 4169 trinoncent
522 4125 575 4170 aux
587 4110 700 4168 mortels
711 4111 796 4181 qu'nn
810 4112 989 4170 mallienraux
1003 4112 1075 4168 n’est
1088 4111 1163 4182 plnst

907 4211 1073 4271 Liuianum.
1089 4207 1184 4271 Medit.
1199 4210 1229 4270 V.
