2970 5190
727 543 773 614 ra

215 696 321 784 petu,
339 704 408 780 quo
426 702 485 756 eos
502 682 701 778 perfringit,
720 692 781 756 aut
799 704 966 779 superare
983 694 1044 757 aut
1061 706 1199 786 aequare
1217 706 1281 782 po·
1317 658 1322 668 ¹

216 807 308 884 test‘?
325 805 549 880 Recentiores
576 804 682 879 etiam
709 817 886 896 auctores,
913 829 1022 896 unus,
1049 806 1085 879 in
1110 830 1215 904 opere
1240 808 1284 881 de

215 926 336 1028 pueris
350 924 573 999 instituendis
588 923 737 1022 scripte,
753 925 811 999 cui
828 947 957 1000 nomen
973 936 1026 1001 est
1039 927 1219 1019 AEmilius,
1234 929 1285 1002 al-

216 1061 287 1139 ter,
303 1049 340 1122 in
356 1046 455 1121 libris
474 1047 516 1120 de
535 1046 734 1120 christianae
752 1046 930 1144 religionis
948 1049 1089 1146 ingenio
1108 1052 1284 1148 composi-

219 1172 278 1262 tis,
310 1170 517 1245 incredibile
546 1181 599 1243 est
627 1192 734 1266 quam
764 1193 890 1269 prope,
927 1171 1170 1270 philosophice
1203 1196 1285 1247 cum
1331 1189 1342 1206 ·

215 1306 409 1370 tractarent
427 1305 649 1392 argumenta,
667 1294 710 1369 ad
735 1305 919 1392 poetarum
938 1296 1077 1372 dicendi
1095 1321 1206 1394 genus
1224 1322 1285 1375 ac·

218 1415 399 1492 cesserint.
799 1446 801 1451 >
1360 1405 1361 1408 ¹

268 1538 358 1612 Cum
381 1548 432 1610 tot
457 1538 613 1634 tantique
633 1537 717 1628 viri,
741 1537 777 1610 in
803 1538 968 1635 operibus
993 1539 1106 1613 soluta
1131 1541 1288 1616 oratione

217 1661 374 1758 scriptis,
389 1660 682 1758 philosophorum
700 1670 873 1758 praecepta
891 1670 926 1735 et
942 1661 1101 1735 instituta
1120 1684 1191 1735 non
1210 1687 1288 1737 ora-

217 1784 308 1860 torio
332 1784 466 1873 solum,
493 1785 553 1858 sed
584 1806 671 1885 pene
699 1784 834 1882 poetico
862 1783 995 1881 fulgore
1018 1784 1287 1878 illustraverint‚

217 1908 305 2006 quid
322 1918 413 1982 esset
431 1931 495 1982 cur
511 1907 578 2006 ipsi
596 1920 706 2006 poetae
724 1908 829 1982 talem
848 1910 939 1983 hanc
955 1932 1025 1983 non
1043 1909 1111 1983 sibi
1130 1932 1288 1984 assume-

219 2045 299 2109 rent
315 2026 499 2107 materiam
518 2032 637 2130 inqua
657 2033 840 2129 diligenter
857 2034 1101 2109 elaborarent?
1129 2025 1140 2051 ’

268 2153 432 2244 Homini,
451 2175 521 2227 non
541 2153 688 2227 extritis
708 2152 942 2250 obsoletisque
960 2153 1204 2251 opinionibuS,
1228 2154 1289 2228 sed

220 2301 261 2351 ex
274 2300 394 2352 rerum
409 2277 550 2350 veritate
568 2287 732 2373 rectaque
749 2278 900 2367 ratione,
914 2279 1068 2352 humana
1087 2300 1191 2376 opera
1208 2301 1291 2352 con·

220 2400 404 2489 sideranti,
428 2399 512 2497 quid
539 2401 690 2497 poemati
714 2409 782 2472 tam
807 2410 996 2496 cognatum
1013 2423 1120 2497 quam
1139 2412 1288 2499 systema

220 2522 452 2623 philosophiae
470 2521 651 2595 rideatur?
675 2521 711 2596 Si
731 2544 802 2595 non
820 2522 953 2620 injuria
968 2522 1156 2621 praeclarus
1175 2524 1301 2621 scrip-l,

219 2654 296 2735 tor,
326 2642 491 2739 idemque
518 2643 792 2716 mathematicus
819 2641 1037 2739 praeclarior,
1065 2641 1186 2732 dixitl,
1218 2665 1289 2716 non

220 2765 351 2840 minori
372 2787 460 2861 opus
478 2764 585 2837 luisse
607 2761 812 2837 Archimedi
837 2762 968 2857 ingenii
997 2762 1156 2837 ubertate
1182 2786 1289 2858 quam

178 2976 185 2996 Ι
220 2889 289 2988 ipsi
306 2888 481 2978 Homero,
505 2896 635 2985 quanto
662 2887 791 2960 rectius
813 2885 856 2960 de
877 2886 1022 2960 Platone
1045 2895 1105 2959 aut
1123 2885 1165 2959 de
1182 2885 1289 2959 Leib-

221 3011 312 3085 uizio
334 3012 369 3086 id
388 3034 528 3108 quoque
552 3010 742 3084 dicendum
758 3021 825 3098 est,
844 3011 921 3107 qui,
940 3011 1104 3085 omnibus
1123 3009 1289 3084 humanis

192 3120 198 3129 ⁸
222 3130 418 3228 divinisque
431 3131 535 3204 rebus
554 3130 763 3225 cogitatione
782 3131 1062 3227 comprehende,
1076 3152 1197 3205 earum
1212 3130 1289 3204 etti·
1336 3154 1337 3157 ’

222 3276 293 3350 que
307 3253 490 3351 proprium
506 3252 623 3326 locum
639 3253 918 3350 adscripserunt,
936 3262 970 3327 et
984 3253 1163 3328 intellectu
1177 3253 1291 3328 Deum

222 3375 325 3449 illurn
343 3375 516 3473 persecuti
536 3384 636 3464 sunt,
656 3375 716 3472 qui
734 3353 896 3448 summus
919 3375 1038 3450 artilex
1057 3398 1290 3471 summusque

222 3508 400 3595 geometra
414 3497 551 3594 egregie
561 3507 612 3570 est
622 3497 827 3595 appellatus.
844 3497 1046 3594 ltaquenon
1062 3497 1165 3595 pauci
1181 3506 1290 3593 poetae

224 3619 478 3718 philosophicis
502 3643 520 3693 e
542 3619 696 3695 lontibus
716 3621 909 3694 hauserunt
927 3629 1099 3718 praecepte
1119 3641 1197 3716 quae
1217 3619 1290 3693 suis

224 3745 262 3818 in
285 3744 502 3819 carminibus
527 3767 589 3841 per
611 3746 783 3842 quosdam
808 3745 908 3842 quasi
926 3745 1015 3819 rivos
1037 3745 1292 3834 diffunderent,

224 3887 296 3939 non
309 3865 491 3938 Platonem
506 3865 610 3938 modo
622 3877 656 3939 et
667 3864 888 3939 Aristotelem
902 3862 1013 3939 secuti
1023 3865 1142 3954 duces,
1157 3863 1218 3938 sed
1229 3863 1294 3937 hos

224 3990 332 4067 etiam
351 4012 439 4088 quos
456 3988 592 4066 Tullius
616 3973 771 4065 minutos
794 4000 828 4065 et
849 3989 1003 4086 plebeios
1020 3997 1119 4064 vocat
1136 3987 1294 4086 philoso-

263 4276 271 4315 ¹
286 4276 466 4336 lt'hlcmbert.
