<?xml version="1.0" encoding="UTF-8"?>
<!DOCTYPE html PUBLIC "-//W3C//DTD XHTML 1.0 Transitional//EN"
    "http://www.w3.org/TR/xhtml1/DTD/xhtml1-transitional.dtd">
<html xmlns="http://www.w3.org/1999/xhtml" xml:lang="en" lang="en">
 <head>
  <title>
</title>
<meta http-equiv="Content-Type" content="text/html;charset=utf-8" />
  <meta name='ocr-system' content='tesseract 3.04.00' />
  <meta name='ocr-capabilities' content='ocr_page ocr_carea ocr_par ocr_line ocrx_word'/>
</head>
<body>
  <div class='ocr_page' id='page_1' title='image "./destoicadiscipl00ferrgoog_0068.png"; bbox 0 0 2970 5190; ppageno 0'>
   <div class='ocr_carea' id='block_1_1' title="bbox 24 467 1171 2540">
    <p class='ocr_par' dir='ltr' id='par_1_1' title="bbox 24 467 1171 2540">
     <span class='ocr_line' id='line_1_1' title="bbox 537 467 663 539; baseline 0 0"><span class='ocrx_word' id='word_1_1' title='bbox 537 474 541 480; x_wconf 82' lang='grc'><strong><em>’</em></strong></span> <span class='ocrx_word' id='word_1_2' title='bbox 616 467 663 539; x_wconf 88' lang='lat'>55</span> 
     </span>
     <span class='ocr_line' id='line_1_2' title="bbox 108 611 1171 709; baseline 0.006 -23"><span class='ocrx_word' id='word_1_3' title='bbox 108 613 196 702; x_wconf 87' lang='lat' dir='ltr'>tius,</span> <span class='ocrx_word' id='word_1_4' title='bbox 213 612 363 701; x_wconf 75' lang='lat' dir='ltr'>reneio,</span> <span class='ocrx_word' id='word_1_5' title='bbox 382 611 510 709; x_wconf 88' lang='lat' dir='ltr'>aliique</span> <span class='ocrx_word' id='word_1_6' title='bbox 535 612 717 686; x_wconf 86' lang='lat' dir='ltr'>christiani</span> <span class='ocrx_word' id='word_1_7' title='bbox 740 613 916 703; x_wconf 90' lang='lat' dir='ltr'>doctores,</span> <span class='ocrx_word' id='word_1_8' title='bbox 936 624 975 687; x_wconf 90' lang='lat' dir='ltr'>ut</span> <span class='ocrx_word' id='word_1_9' title='bbox 991 615 1171 692; x_wconf 87' lang='lat' dir='ltr'>vincerent</span> 
     </span>
     <span class='ocr_line' id='line_1_3' title="bbox 108 734 1169 832; baseline 0.004 -23"><span class='ocrx_word' id='word_1_10' title='bbox 108 735 163 809; x_wconf 92' lang='lat' dir='ltr'>his</span> <span class='ocrx_word' id='word_1_11' title='bbox 189 735 300 809; x_wconf 89' lang='lat' dir='ltr'>sancti</span> <span class='ocrx_word' id='word_1_12' title='bbox 327 734 428 808; x_wconf 91' lang='lat' dir='ltr'>Pauli</span> <span class='ocrx_word' id='word_1_13' title='bbox 458 734 784 832; x_wconf 89' lang='lat' dir='ltr'>verbis:—(Deus)</span> <span class='ocrx_word' id='word_1_14' title='bbox 814 745 975 832; x_wconf 81' lang='lat' dir='ltr'>operator</span> <span class='ocrx_word' id='word_1_15' title='bbox 1006 737 1045 810; x_wconf 81' lang='lat' dir='ltr'>io</span> <span class='ocrx_word' id='word_1_16' title='bbox 1071 738 1169 814; x_wconf 81' lang='lat' dir='ltr'>nobis</span> 
     </span>
     <span class='ocr_line' id='line_1_4' title="bbox 105 855 1170 952; baseline 0.002 -20"><span class='ocrx_word' id='word_1_17' title='bbox 105 857 197 932; x_wconf 82' lang='lat' dir='ltr'>cello</span> <span class='ocrx_word' id='word_1_18' title='bbox 213 868 246 931; x_wconf 84' lang='lat' dir='ltr'>et</span> <span class='ocrx_word' id='word_1_19' title='bbox 260 855 666 952; x_wconf 57' lang='lat' dir='ltr'>socero-libertatem</span> <span class='ocrx_word' id='word_1_20' title='bbox 691 856 845 930; x_wconf 91' lang='lat' dir='ltr'>hominis</span> <span class='ocrx_word' id='word_1_21' title='bbox 867 879 937 931; x_wconf 93' lang='lat' dir='ltr'>non</span> <span class='ocrx_word' id='word_1_22' title='bbox 961 859 1067 933; x_wconf 81' lang='lat' dir='ltr'>luisse</span> <span class='ocrx_word' id='word_1_23' title='bbox 1092 882 1170 934; x_wconf 93' lang='lat' dir='ltr'>om-</span> 
     </span>
     <span class='ocr_line' id='line_1_5' title="bbox 24 972 1171 1064; baseline 0.004 -12"><span class='ocrx_word' id='word_1_24' title='bbox 24 972 29 977; x_wconf 71' lang='grc'><strong>’</strong></span> <span class='ocrx_word' id='word_1_25' title='bbox 107 979 191 1053; x_wconf 90' lang='lat' dir='ltr'>nino</span> <span class='ocrx_word' id='word_1_26' title='bbox 209 977 395 1053; x_wconf 77' lang='lat' dir='ltr'><strong>sublatam.</strong></span> <span class='ocrx_word' id='word_1_27' title='bbox 415 977 500 1064; x_wconf 84' lang='lat' dir='ltr'>Quis</span> <span class='ocrx_word' id='word_1_28' title='bbox 518 978 630 1052; x_wconf 90' lang='lat' dir='ltr'>nescit</span> <span class='ocrx_word' id='word_1_29' title='bbox 643 978 877 1053; x_wconf 89' lang='lat' dir='ltr'>Leibnitzium</span> <span class='ocrx_word' id='word_1_30' title='bbox 894 979 1067 1055; x_wconf 89' lang='lat' dir='ltr'>infinitam</span> <span class='ocrx_word' id='word_1_31' title='bbox 1084 1005 1171 1057; x_wconf 90' lang='lat' dir='ltr'>cau-</span> 
     </span>
     <span class='ocr_line' id='line_1_6' title="bbox 107 1100 1171 1180; baseline 0.003 -3"><span class='ocrx_word' id='word_1_32' title='bbox 107 1125 227 1178; x_wconf 88' lang='lat' dir='ltr'>sarum</span> <span class='ocrx_word' id='word_1_33' title='bbox 262 1101 389 1175; x_wconf 89' lang='lat' dir='ltr'>seriem</span> <span class='ocrx_word' id='word_1_34' title='bbox 423 1100 509 1174; x_wconf 89' lang='lat' dir='ltr'>adeo</span> <span class='ocrx_word' id='word_1_35' title='bbox 545 1101 649 1174; x_wconf 90' lang='lat' dir='ltr'>arctis</span> <span class='ocrx_word' id='word_1_36' title='bbox 690 1123 881 1174; x_wconf 81' lang='lat' dir='ltr'>connexam</span> <span class='ocrx_word' id='word_1_37' title='bbox 916 1102 1064 1177; x_wconf 90' lang='lat' dir='ltr'>vinculis</span> <span class='ocrx_word' id='word_1_38' title='bbox 1104 1106 1171 1180; x_wconf 88' lang='lat' dir='ltr'>sibi</span> 
     </span>
     <span class='ocr_line' id='line_1_7' title="bbox 105 1224 1171 1325; baseline 0.002 -25"><span class='ocrx_word' id='word_1_39' title='bbox 105 1226 263 1312; x_wconf 85' lang='lat' dir='ltr'>finxisse,</span> <span class='ocrx_word' id='word_1_40' title='bbox 281 1235 321 1299; x_wconf 91' lang='lat' dir='ltr'>ut</span> <span class='ocrx_word' id='word_1_41' title='bbox 337 1246 490 1322; x_wconf 88' lang='lat' dir='ltr'>praesens</span> <span class='ocrx_word' id='word_1_42' title='bbox 515 1235 652 1320; x_wconf 88' lang='lat' dir='ltr'>tempus</span> <span class='ocrx_word' id='word_1_43' title='bbox 675 1224 975 1320; x_wconf 82' lang='lat' dir='ltr'>quemadmodum</span> <span class='ocrx_word' id='word_1_44' title='bbox 998 1229 1171 1325; x_wconf 88' lang='lat' dir='ltr'>praeterito</span> 
     </span>
     <span class='ocr_line' id='line_1_8' title="bbox 106 1346 1171 1446; baseline 0.001 -23"><span class='ocrx_word' id='word_1_45' title='bbox 106 1360 263 1446; x_wconf 86' lang='lat' dir='ltr'>tempore</span> <span class='ocrx_word' id='word_1_46' title='bbox 292 1356 432 1436; x_wconf 86' lang='lat' dir='ltr'>ortum,</span> <span class='ocrx_word' id='word_1_47' title='bbox 467 1346 517 1420; x_wconf 90' lang='lat' dir='ltr'>sic</span> <span class='ocrx_word' id='word_1_48' title='bbox 550 1346 667 1421; x_wconf 81' lang='lat' dir='ltr'>futuro</span> <span class='ocrx_word' id='word_1_49' title='bbox 696 1347 879 1443; x_wconf 86' lang='lat' dir='ltr'>gravidum</span> <span class='ocrx_word' id='word_1_50' title='bbox 913 1371 988 1422; x_wconf 89' lang='lat' dir='ltr'>esse</span> <span class='ocrx_word' id='word_1_51' title='bbox 1019 1350 1171 1424; x_wconf 76' lang='lat' dir='ltr'><strong>dixerit?</strong></span> 
     </span>
     <span class='ocr_line' id='line_1_9' title="bbox 106 1465 1171 1565; baseline 0.002 -23"><span class='ocrx_word' id='word_1_52' title='bbox 106 1469 227 1565; x_wconf 91' lang='lat' dir='ltr'>ltaque</span> <span class='ocrx_word' id='word_1_53' title='bbox 254 1490 324 1541; x_wconf 93' lang='lat' dir='ltr'>non</span> <span class='ocrx_word' id='word_1_54' title='bbox 346 1467 444 1540; x_wconf 90' lang='lat' dir='ltr'>video</span> <span class='ocrx_word' id='word_1_55' title='bbox 474 1489 537 1540; x_wconf 91' lang='lat' dir='ltr'>cur</span> <span class='ocrx_word' id='word_1_56' title='bbox 563 1465 682 1540; x_wconf 88' lang='lat' dir='ltr'>stoicis</span> <span class='ocrx_word' id='word_1_57' title='bbox 709 1487 849 1563; x_wconf 91' lang='lat' dir='ltr'>quoque</span> <span class='ocrx_word' id='word_1_58' title='bbox 875 1490 946 1541; x_wconf 95' lang='lat' dir='ltr'>non</span> <span class='ocrx_word' id='word_1_59' title='bbox 972 1467 1076 1543; x_wconf 89' lang='lat' dir='ltr'>liceat</span> <span class='ocrx_word' id='word_1_60' title='bbox 1093 1492 1171 1544; x_wconf 95' lang='lat' dir='ltr'>om-</span> 
     </span>
     <span class='ocr_line' id='line_1_10' title="bbox 105 1585 1171 1685; baseline 0.001 -22"><span class='ocrx_word' id='word_1_61' title='bbox 105 1589 210 1664; x_wconf 92' lang='lat' dir='ltr'>nibus</span> <span class='ocrx_word' id='word_1_62' title='bbox 241 1588 345 1662; x_wconf 89' lang='lat' dir='ltr'>rebus</span> <span class='ocrx_word' id='word_1_63' title='bbox 373 1585 609 1684; x_wconf 82' lang='lat' dir='ltr'>insuperabile</span> <span class='ocrx_word' id='word_1_64' title='bbox 638 1585 815 1682; x_wconf 86' lang='lat' dir='ltr'>quoddam</span> <span class='ocrx_word' id='word_1_65' title='bbox 848 1587 958 1660; x_wconf 84' lang='lat' dir='ltr'>iatum</span> <span class='ocrx_word' id='word_1_66' title='bbox 990 1589 1171 1685; x_wconf 85' lang='lat' dir='ltr'>imponere</span> 
     </span>
     <span class='ocr_line' id='line_1_11' title="bbox 103 1705 1171 1807; baseline 0.001 -26"><span class='ocrx_word' id='word_1_67' title='bbox 103 1750 152 1763; x_wconf 94' lang='lat'><em>-</em></span> <span class='ocrx_word' id='word_1_68' title='bbox 183 1708 312 1807; x_wconf 89' lang='lat' dir='ltr'>quippe</span> <span class='ocrx_word' id='word_1_69' title='bbox 344 1707 438 1805; x_wconf 91' lang='lat' dir='ltr'>quod</span> <span class='ocrx_word' id='word_1_70' title='bbox 473 1705 561 1779; x_wconf 93' lang='lat' dir='ltr'>nihil</span> <span class='ocrx_word' id='word_1_71' title='bbox 595 1705 690 1780; x_wconf 91' lang='lat' dir='ltr'>aliud</span> <span class='ocrx_word' id='word_1_72' title='bbox 724 1705 769 1778; x_wconf 90' lang='lat' dir='ltr'>sit</span> <span class='ocrx_word' id='word_1_73' title='bbox 802 1728 908 1802; x_wconf 93' lang='lat' dir='ltr'>quam</span> <span class='ocrx_word' id='word_1_74' title='bbox 939 1706 1171 1782; x_wconf 89' lang='lat' dir='ltr'>immutabilis</span> 
     </span>
     <span class='ocr_line' id='line_1_12' title="bbox 102 1825 1170 1924; baseline 0.001 -23"><span class='ocrx_word' id='word_1_75' title='bbox 102 1828 191 1902; x_wconf 88' lang='lat' dir='ltr'>ratio</span> <span class='ocrx_word' id='word_1_76' title='bbox 221 1828 283 1903; x_wconf 87' lang='lat' dir='ltr'>Dei</span> <span class='ocrx_word' id='word_1_77' title='bbox 306 1869 355 1882; x_wconf 93' lang='lat'>-</span> <span class='ocrx_word' id='word_1_78' title='bbox 378 1838 413 1903; x_wconf 93' lang='lat' dir='ltr'>et</span> <span class='ocrx_word' id='word_1_79' title='bbox 440 1825 637 1900; x_wconf 88' lang='lat' dir='ltr'>libertatem</span> <span class='ocrx_word' id='word_1_80' title='bbox 665 1826 855 1922; x_wconf 91' lang='lat' dir='ltr'>quamdam</span> <span class='ocrx_word' id='word_1_81' title='bbox 883 1826 1018 1902; x_wconf 91' lang='lat' dir='ltr'>homini</span> <span class='ocrx_word' id='word_1_82' title='bbox 1044 1829 1170 1924; x_wconf 92' lang='lat' dir='ltr'>cuique</span> 
     </span>
     <span class='ocr_line' id='line_1_13' title="bbox 102 1948 1170 2046; baseline 0 -21"><span class='ocrx_word' id='word_1_83' title='bbox 102 1952 279 2040; x_wconf 77' lang='lat' dir='ltr'>tribuere,</span> <span class='ocrx_word' id='word_1_84' title='bbox 311 1973 389 2046; x_wconf 83' lang='lat' dir='ltr'>quae</span> <span class='ocrx_word' id='word_1_85' title='bbox 415 1971 498 2023; x_wconf 93' lang='lat' dir='ltr'>cum</span> <span class='ocrx_word' id='word_1_86' title='bbox 526 1948 595 2021; x_wconf 89' lang='lat' dir='ltr'>iato</span> <span class='ocrx_word' id='word_1_87' title='bbox 622 1948 675 2020; x_wconf 92' lang='lat' dir='ltr'>vix</span> <span class='ocrx_word' id='word_1_88' title='bbox 703 1948 847 2023; x_wconf 86' lang='lat' dir='ltr'>sortasse</span> <span class='ocrx_word' id='word_1_89' title='bbox 879 1951 1078 2042; x_wconf 87' lang='lat' dir='ltr'>conveniat,</span> <span class='ocrx_word' id='word_1_90' title='bbox 1108 1952 1170 2026; x_wconf 93' lang='lat' dir='ltr'>sed</span> 
     </span>
     <span class='ocr_line' id='line_1_14' title="bbox 101 2071 1169 2170; baseline 0.001 -22"><span class='ocrx_word' id='word_1_91' title='bbox 101 2096 172 2149; x_wconf 93' lang='lat' dir='ltr'>non</span> <span class='ocrx_word' id='word_1_92' title='bbox 190 2075 236 2146; x_wconf 90' lang='lat' dir='ltr'>sit</span> <span class='ocrx_word' id='word_1_93' title='bbox 253 2084 370 2148; x_wconf 91' lang='lat' dir='ltr'>tamen</span> <span class='ocrx_word' id='word_1_94' title='bbox 388 2072 533 2146; x_wconf 92' lang='lat' dir='ltr'>omnino</span> <span class='ocrx_word' id='word_1_95' title='bbox 553 2071 721 2167; x_wconf 85' lang='lat' dir='ltr'>neganda.</span> <span class='ocrx_word' id='word_1_96' title='bbox 748 2071 831 2146; x_wconf 86' lang='lat' dir='ltr'>Haec</span> <span class='ocrx_word' id='word_1_97' title='bbox 848 2096 997 2170; x_wconf 83' lang='lat' dir='ltr'>magnus</span> <span class='ocrx_word' id='word_1_98' title='bbox 1024 2074 1169 2149; x_wconf 91' lang='lat' dir='ltr'>mirabi-</span> 
     </span>
     <span class='ocr_line' id='line_1_15' title="bbox 100 2194 1166 2291; baseline 0.005 -23"><span class='ocrx_word' id='word_1_99' title='bbox 100 2196 180 2271; x_wconf 90' lang='lat' dir='ltr'>liter</span> <span class='ocrx_word' id='word_1_100' title='bbox 215 2195 430 2271; x_wconf 77' lang='lat' dir='ltr'>intellexerat</span> <span class='ocrx_word' id='word_1_101' title='bbox 462 2194 701 2291; x_wconf 81' lang='lat' dir='ltr'>Augustinus,</span> <span class='ocrx_word' id='word_1_102' title='bbox 737 2207 772 2268; x_wconf 89' lang='lat' dir='ltr'>et</span> <span class='ocrx_word' id='word_1_103' title='bbox 807 2195 1034 2271; x_wconf 87' lang='lat' dir='ltr'>celeberrima</span> <span class='ocrx_word' id='word_1_104' title='bbox 1064 2197 1166 2273; x_wconf 86' lang='lat' dir='ltr'>verba</span> 
     </span>
     <span class='ocr_line' id='line_1_16' title="bbox 100 2316 1166 2410; baseline -0.001 -16"><span class='ocrx_word' id='word_1_105' title='bbox 100 2319 295 2410; x_wconf 79' lang='lat' dir='ltr'>Cleanthis,</span> <span class='ocrx_word' id='word_1_106' title='bbox 321 2341 341 2393; x_wconf 90' lang='lat' dir='ltr'>a</span> <span class='ocrx_word' id='word_1_107' title='bbox 371 2317 502 2392; x_wconf 84' lang='lat' dir='ltr'>Seneca</span> <span class='ocrx_word' id='word_1_108' title='bbox 528 2317 566 2389; x_wconf 93' lang='lat' dir='ltr'>in</span> <span class='ocrx_word' id='word_1_109' title='bbox 602 2316 750 2390; x_wconf 91' lang='lat' dir='ltr'>latinum</span> <span class='ocrx_word' id='word_1_110' title='bbox 787 2340 901 2408; x_wconf 84' lang='lat' dir='ltr'>versa,</span> <span class='ocrx_word' id='word_1_111' title='bbox 933 2319 1166 2393; x_wconf 90' lang='lat' dir='ltr'>christianum</span> 
     </span>
     <span class='ocr_line' id='line_1_17' title="bbox 99 2439 1165 2540; baseline -0.002 -23"><span class='ocrx_word' id='word_1_112' title='bbox 99 2465 252 2540; x_wconf 86' lang='lat' dir='ltr'>eumque</span> <span class='ocrx_word' id='word_1_113' title='bbox 278 2439 521 2515; x_wconf 87' lang='lat' dir='ltr'>rationabilem</span> <span class='ocrx_word' id='word_1_114' title='bbox 546 2439 582 2513; x_wconf 94' lang='lat' dir='ltr'>in</span> <span class='ocrx_word' id='word_1_115' title='bbox 612 2460 756 2514; x_wconf 89' lang='lat' dir='ltr'>sensum</span> <span class='ocrx_word' id='word_1_116' title='bbox 783 2440 1003 2538; x_wconf 87' lang='lat' dir='ltr'>interpretari</span> <span class='ocrx_word' id='word_1_117' title='bbox 1030 2441 1165 2515; x_wconf 90' lang='lat' dir='ltr'>niteba-</span> 
     </span>
    </p>
   </div>
   <div class='ocr_carea' id='block_1_2' title="bbox 100 2579 177 2642">
    <p class='ocr_par' dir='ltr' id='par_1_2' title="bbox 100 2579 177 2642">
     <span class='ocr_line' id='line_1_18' title="bbox 100 2579 177 2642; baseline -0.039 0"><span class='ocrx_word' id='word_1_118' title='bbox 100 2579 177 2642; x_wconf 85' lang='lat' dir='ltr'>tur:</span> 
     </span>
    </p>
   </div>
   <div class='ocr_carea' id='block_1_3' title="bbox 201 2806 926 3251">
    <p class='ocr_par' dir='ltr' id='par_1_3' title="bbox 201 2806 926 3251">
     <span class='ocr_line' id='line_1_19' title="bbox 206 2806 878 2881; baseline 0 -19"><span class='ocrx_word' id='word_1_119' title='bbox 206 2827 217 2862; x_wconf 85' lang='lat' dir='ltr'>n</span> <span class='ocrx_word' id='word_1_120' title='bbox 226 2812 285 2868; x_wconf 85' lang='lat' dir='ltr'>Duc</span> <span class='ocrx_word' id='word_1_121' title='bbox 297 2823 354 2880; x_wconf 88' lang='lat' dir='ltr'>me,</span> <span class='ocrx_word' id='word_1_122' title='bbox 371 2822 485 2881; x_wconf 87' lang='lat' dir='ltr'>parens,</span> <span class='ocrx_word' id='word_1_123' title='bbox 499 2808 622 2878; x_wconf 86' lang='lat' dir='ltr'>celsique</span> <span class='ocrx_word' id='word_1_124' title='bbox 636 2806 791 2863; x_wconf 87' lang='lat' dir='ltr'>dominator</span> <span class='ocrx_word' id='word_1_125' title='bbox 804 2808 878 2878; x_wconf 88' lang='lat' dir='ltr'>poli,</span> 
     </span>
     <span class='ocr_line' id='line_1_20' title="bbox 203 2899 901 2973; baseline -0.007 -14"><span class='ocrx_word' id='word_1_126' title='bbox 203 2906 381 2973; x_wconf 82' lang='lat' dir='ltr'>Quocumque</span> <span class='ocrx_word' id='word_1_127' title='bbox 394 2901 513 2972; x_wconf 81' lang='lat' dir='ltr'>placuit:</span> <span class='ocrx_word' id='word_1_128' title='bbox 530 2899 604 2956; x_wconf 88' lang='lat' dir='ltr'>nulla</span> <span class='ocrx_word' id='word_1_129' title='bbox 619 2899 733 2970; x_wconf 85' lang='lat' dir='ltr'>parendi</span> <span class='ocrx_word' id='word_1_130' title='bbox 748 2912 825 2955; x_wconf 88' lang='lat' dir='ltr'>mora</span> <span class='ocrx_word' id='word_1_131' title='bbox 839 2904 901 2955; x_wconf 88' lang='lat' dir='ltr'>est:</span> 
     </span>
     <span class='ocr_line' id='line_1_21' title="bbox 201 2990 926 3064; baseline -0.006 -13"><span class='ocrx_word' id='word_1_132' title='bbox 201 2997 300 3052; x_wconf 84' lang='lat' dir='ltr'>Assum</span> <span class='ocrx_word' id='word_1_133' title='bbox 314 2994 438 3064; x_wconf 81' lang='lat' dir='ltr'>impiger.</span> <span class='ocrx_word' id='word_1_134' title='bbox 453 2996 506 3049; x_wconf 84' lang='lat' dir='ltr'>Fac</span> <span class='ocrx_word' id='word_1_135' title='bbox 521 2991 612 3048; x_wconf 88' lang='lat' dir='ltr'>nolle:</span> <span class='ocrx_word' id='word_1_136' title='bbox 627 2990 780 3047; x_wconf 87' lang='lat' dir='ltr'>comitabor</span> <span class='ocrx_word' id='word_1_137' title='bbox 795 3005 926 3063; x_wconf 82' lang='lat' dir='ltr'>gemens,</span> 
     </span>
     <span class='ocr_line' id='line_1_22' title="bbox 201 3083 836 3155; baseline -0.008 -10"><span class='ocrx_word' id='word_1_138' title='bbox 201 3089 312 3146; x_wconf 85' lang='lat' dir='ltr'>Ducunt</span> <span class='ocrx_word' id='word_1_139' title='bbox 324 3087 460 3143; x_wconf 86' lang='lat' dir='ltr'>volentem</span> <span class='ocrx_word' id='word_1_140' title='bbox 474 3083 543 3154; x_wconf 85' lang='lat' dir='ltr'>iata,</span> <span class='ocrx_word' id='word_1_141' title='bbox 557 3084 696 3139; x_wconf 91' lang='lat' dir='ltr'>nolentem</span> <span class='ocrx_word' id='word_1_142' title='bbox 709 3083 836 3155; x_wconf 86' lang='lat' dir='ltr'>trahunt,</span> 
     </span>
     <span class='ocr_line' id='line_1_23' title="bbox 201 3175 812 3251; baseline -0.011 -11"><span class='ocrx_word' id='word_1_143' title='bbox 201 3181 345 3251; x_wconf 83' lang='lat' dir='ltr'>Maiusque</span> <span class='ocrx_word' id='word_1_144' title='bbox 359 3179 460 3251; x_wconf 89' lang='lat' dir='ltr'>patiar,</span> <span class='ocrx_word' id='word_1_145' title='bbox 475 3176 549 3248; x_wconf 90' lang='lat' dir='ltr'>quod</span> <span class='ocrx_word' id='word_1_146' title='bbox 562 3177 620 3247; x_wconf 89' lang='lat' dir='ltr'>pati</span> <span class='ocrx_word' id='word_1_147' title='bbox 636 3176 715 3233; x_wconf 88' lang='lat' dir='ltr'>licuit</span> <span class='ocrx_word' id='word_1_148' title='bbox 729 3175 812 3233; x_wconf 89' lang='lat' dir='ltr'>bono.</span> 
     </span>
    </p>
   </div>
   <div class='ocr_carea' id='block_1_4' title="bbox 91 3407 1159 4241">
    <p class='ocr_par' dir='ltr' id='par_1_4' title="bbox 91 3407 1159 4241">
     <span class='ocr_line' id='line_1_24' title="bbox 145 3407 1157 3505; baseline 0.001 -23"><span class='ocrx_word' id='word_1_149' title='bbox 145 3408 252 3482; x_wconf 76' lang='lat' dir='ltr'>«Non</span> <span class='ocrx_word' id='word_1_150' title='bbox 269 3407 423 3483; x_wconf 92' lang='lat' dir='ltr'>multum</span> <span class='ocrx_word' id='word_1_151' title='bbox 447 3430 529 3482; x_wconf 92' lang='lat' dir='ltr'>cum</span> <span class='ocrx_word' id='word_1_152' title='bbox 547 3408 612 3497; x_wconf 77' lang='lat' dir='ltr'>eiS,</span> <span class='ocrx_word' id='word_1_153' title='bbox 628 3407 742 3505; x_wconf 94' lang='lat' dir='ltr'>inquit</span> <span class='ocrx_word' id='word_1_154' title='bbox 756 3407 989 3505; x_wconf 59' lang='lat' dir='ltr'>Augustinus</span> <span class='ocrx_word' id='word_1_155' title='bbox 1003 3410 1047 3484; x_wconf 92' lang='lat' dir='ltr'>de</span> <span class='ocrx_word' id='word_1_156' title='bbox 1061 3410 1157 3484; x_wconf 88' lang='lat' dir='ltr'>verbi</span> 
     </span>
     <span class='ocr_line' id='line_1_25' title="bbox 92 3527 1159 3635; baseline -0.001 -27"><span class='ocrx_word' id='word_1_157' title='bbox 92 3531 325 3608; x_wconf 90' lang='lat' dir='ltr'>controversia</span> <span class='ocrx_word' id='word_1_158' title='bbox 337 3527 576 3605; x_wconf 90' lang='lat' dir='ltr'>laborandum</span> <span class='ocrx_word' id='word_1_159' title='bbox 603 3541 706 3628; x_wconf 89' lang='lat' dir='ltr'>atque</span> <span class='ocrx_word' id='word_1_160' title='bbox 724 3533 931 3606; x_wconf 89' lang='lat' dir='ltr'>certandum</span> <span class='ocrx_word' id='word_1_161' title='bbox 955 3545 1024 3635; x_wconf 17' lang='lat' dir='ltr'>es1t3</span> <span class='ocrx_word' id='word_1_162' title='bbox 1048 3557 1159 3629; x_wconf 90' lang='lat' dir='ltr'>quan-</span> 
     </span>
     <span class='ocr_line' id='line_1_26' title="bbox 92 3653 1159 3753; baseline 0.001 -24"><span class='ocrx_word' id='word_1_163' title='bbox 92 3655 283 3753; x_wconf 90' lang='lat' dir='ltr'>doquidem</span> <span class='ocrx_word' id='word_1_164' title='bbox 300 3655 417 3752; x_wconf 91' lang='lat' dir='ltr'>ipsum</span> <span class='ocrx_word' id='word_1_165' title='bbox 437 3676 624 3727; x_wconf 89' lang='lat' dir='ltr'>causarum</span> <span class='ocrx_word' id='word_1_166' title='bbox 641 3653 801 3727; x_wconf 90' lang='lat' dir='ltr'>ordinem</span> <span class='ocrx_word' id='word_1_167' title='bbox 819 3665 854 3727; x_wconf 89' lang='lat' dir='ltr'>et</span> <span class='ocrx_word' id='word_1_168' title='bbox 867 3657 1058 3751; x_wconf 90' lang='lat' dir='ltr'>quamdam</span> <span class='ocrx_word' id='word_1_169' title='bbox 1077 3679 1159 3730; x_wconf 91' lang='lat' dir='ltr'>con·</span> 
     </span>
     <span class='ocr_line' id='line_1_27' title="bbox 91 3772 1158 3878; baseline 0.002 -30"><span class='ocrx_word' id='word_1_170' title='bbox 91 3775 276 3848; x_wconf 88' lang='lat' dir='ltr'>nexionem</span> <span class='ocrx_word' id='word_1_171' title='bbox 299 3773 361 3848; x_wconf 87' lang='lat' dir='ltr'>Dei</span> <span class='ocrx_word' id='word_1_172' title='bbox 386 3772 516 3847; x_wconf 92' lang='lat' dir='ltr'>summi</span> <span class='ocrx_word' id='word_1_173' title='bbox 542 3772 704 3878; x_wconf 88' lang='lat' dir='ltr'>tribuunt</span> <span class='ocrx_word' id='word_1_174' title='bbox 728 3773 898 3846; x_wconf 89' lang='lat' dir='ltr'>voluntati</span> <span class='ocrx_word' id='word_1_175' title='bbox 916 3785 950 3848; x_wconf 90' lang='lat' dir='ltr'>et</span> <span class='ocrx_word' id='word_1_176' title='bbox 977 3776 1158 3872; x_wconf 84' lang='lat' dir='ltr'>potestati,</span> 
     </span>
     <span class='ocr_line' id='line_1_28' title="bbox 92 3897 1157 3997; baseline 0.003 -25"><span class='ocrx_word' id='word_1_177' title='bbox 92 3899 153 3997; x_wconf 93' lang='lat' dir='ltr'>qui</span> <span class='ocrx_word' id='word_1_178' title='bbox 172 3898 303 3995; x_wconf 89' lang='lat' dir='ltr'>optime</span> <span class='ocrx_word' id='word_1_179' title='bbox 320 3908 354 3972; x_wconf 90' lang='lat' dir='ltr'>et</span> <span class='ocrx_word' id='word_1_180' title='bbox 371 3897 592 3980; x_wconf 88' lang='lat' dir='ltr'>veracissime</span> <span class='ocrx_word' id='word_1_181' title='bbox 611 3897 766 3971; x_wconf 88' lang='lat' dir='ltr'>creditur</span> <span class='ocrx_word' id='word_1_182' title='bbox 784 3907 818 3972; x_wconf 89' lang='lat' dir='ltr'>et</span> <span class='ocrx_word' id='word_1_183' title='bbox 836 3908 962 3974; x_wconf 90' lang='lat' dir='ltr'>cuneta</span> <span class='ocrx_word' id='word_1_184' title='bbox 984 3900 1073 3975; x_wconf 90' lang='lat' dir='ltr'>scire</span> <span class='ocrx_word' id='word_1_185' title='bbox 1092 3924 1157 3975; x_wconf 92' lang='lat' dir='ltr'>an-</span> 
     </span>
     <span class='ocr_line' id='line_1_29' title="bbox 92 4018 1156 4119; baseline 0.002 -25"><span class='ocrx_word' id='word_1_186' title='bbox 92 4031 235 4119; x_wconf 88' lang='lat' dir='ltr'>tequam</span> <span class='ocrx_word' id='word_1_187' title='bbox 253 4020 355 4109; x_wconf 88' lang='lat' dir='ltr'>fiant,</span> <span class='ocrx_word' id='word_1_188' title='bbox 379 4028 414 4093; x_wconf 87' lang='lat' dir='ltr'>ot</span> <span class='ocrx_word' id='word_1_189' title='bbox 436 4018 789 4110; x_wconf 66' lang='lat' dir='ltr'>nihilinordinatnm</span> <span class='ocrx_word' id='word_1_190' title='bbox 815 4020 1030 4116; x_wconf 84' lang='lat' dir='ltr'>relinquere3</span> <span class='ocrx_word' id='word_1_191' title='bbox 1050 4045 1068 4095; x_wconf 93' lang='lat' dir='ltr'>a</span> <span class='ocrx_word' id='word_1_192' title='bbox 1086 4045 1156 4118; x_wconf 91' lang='lat' dir='ltr'>qno</span> 
     </span>
     <span class='ocr_line' id='line_1_30' title="bbox 91 4141 1155 4241; baseline 0.002 -24"><span class='ocrx_word' id='word_1_193' title='bbox 91 4153 175 4218; x_wconf 89' lang='lat' dir='ltr'>sunt</span> <span class='ocrx_word' id='word_1_194' title='bbox 197 4164 320 4217; x_wconf 89' lang='lat' dir='ltr'>omnes</span> <span class='ocrx_word' id='word_1_195' title='bbox 343 4150 547 4241; x_wconf 88' lang='lat' dir='ltr'>potestates,</span> <span class='ocrx_word' id='word_1_196' title='bbox 567 4142 723 4238; x_wconf 91' lang='lat' dir='ltr'>quamvis</span> <span class='ocrx_word' id='word_1_197' title='bbox 743 4141 787 4215; x_wconf 88' lang='lat' dir='ltr'>ab</span> <span class='ocrx_word' id='word_1_198' title='bbox 809 4141 868 4215; x_wconf 95' lang='lat' dir='ltr'>illo</span> <span class='ocrx_word' id='word_1_199' title='bbox 887 4165 957 4218; x_wconf 89' lang='lat' dir='ltr'>nen</span> <span class='ocrx_word' id='word_1_200' title='bbox 982 4143 1052 4217; x_wconf 89' lang='lat' dir='ltr'>sint</span> <span class='ocrx_word' id='word_1_201' title='bbox 1077 4167 1155 4219; x_wconf 93' lang='lat' dir='ltr'>om-</span> 
     </span>
    </p>
   </div>
   <div class='ocr_carea' id='block_1_5' title="bbox 0 0 1490 5190">
    <p class='ocr_par' dir='ltr' id='par_1_5' title="bbox 0 0 1490 5190">
     <span class='ocr_line' id='line_1_31' title="bbox 0 0 1490 5190; baseline 0 5"><span class='ocrx_word' id='word_1_202' title='bbox 0 0 1490 5190; x_wconf 95' lang='lat' dir='ltr'> </span> 
     </span>
    </p>
   </div>
  </div>
 </body>
</html>
