2970 5190
531 994 677 1071 CAPUT
702 996 759 1072 IV.

183 1185 229 1238 DE
247 1184 480 1239 LIBERALIBUS
498 1185 646 1240 ARTIBUS
664 1186 708 1239 ΕΤ
726 1184 935 1238 PRAESERTIM
952 1185 998 1239 DE
1015 1184 1107 1239 ARTE

309 1270 311 1273 Ι
349 1306 498 1361 POETICA
513 1308 596 1371 QUID
615 1307 727 1362 srolct
746 1308 948 1362 SENSERINT.

162 1538 459 1639 Philosophorum
484 1541 624 1616 familiae
649 1565 726 1640 qnae
750 1543 786 1616 in
809 1564 949 1617 summo
973 1541 1072 1617 Bono
1095 1565 1178 1641 per-

114 1663 285 1760 quirendo
304 1663 453 1737 maxime
471 1674 671 1756 versantur,
690 1675 723 1740 et
736 1666 771 1739 in
788 1666 854 1739 vita
877 1665 1063 1739 hominum
1082 1664 1179 1738 ordi-

113 1785 228 1859 nanda
247 1785 475 1883 moribusque
494 1787 684 1861 formandis
700 1789 875 1885 praecipue
894 1786 1068 1876 laborant,
1088 1787 1181 1862 arbi-

112 1908 196 1981 trari
223 1908 337 1981 solent
363 1931 444 1983 eum
463 1909 522 2005 qui
542 1910 658 1984 studet
679 1908 785 1984 rebus
813 1910 857 1984 ad
881 1909 940 1983 illa
965 1908 1053 1982 nihil
1080 1931 1179 2012 spep-

114 2031 287 2121 tantibus,
318 2043 457 2130 tempus
483 2043 517 2106 et
542 2055 684 2131 operam
713 2032 879 2130 perdere,
911 2041 1014 2128 atque
1037 2054 1056 2104 a
1084 2041 1178 2106 recta

113 2156 258 2230 omnino
277 2155 438 2230 aberrare
455 2157 518 2230 via.
537 2156 641 2231 Nulla
666 2167 718 2231 est
736 2131 897 2241 scicntia,
913 2154 961 2228 eis
988 2154 1017 2228 si
1035 2153 1178 2228 adhibe-

114 2292 170 2355 tur
186 2280 293 2370 tideo,
308 2303 363 2355 ars
379 2291 432 2355 est
448 2280 560 2370 nulla,
580 2304 657 2377 quae
673 2280 717 2355 sit
731 2290 873 2378 propter
890 2302 925 2354 se
940 2276 1053 2376 ipsam
1072 2301 1176 2377 expe-

113 2401 237 2475 tenda:
257 2399 441 2498 disciplina
457 2400 571 2474 omnis
587 2398 746 2475 moribus
764 2399 982 2499 subjicienda
1000 2408 1061 2472 est.

159 2523 249 2597 Cum
270 2523 432 2597 homines
454 2522 538 2597 sexti
557 2524 683 2598 decimi
703 2523 821 2598 saeculi
844 2522 1071 2597 christianam
1093 2521 1178 2596 reli-

109 2642 251 2739 gionem
281 2642 324 2715 ad
354 2641 537 2739 pristinam
565 2642 780 2716 severitatem
808 2663 968 2716 revocare
992 2641 1178 2715 voluerunt

110 2766 201 2863 (jure
219 2788 263 2838 an
282 2764 426 2862 injuria,
444 2762 532 2837 nihil
556 2764 720 2860 adrem),
739 2761 1009 2837 humanioribus
1034 2761 1176 2851 litteris,

111 2887 231 2984 paucis
249 2887 292 2962 ab
320 2885 421 2960 annis
450 2885 637 2973 restitutis,
667 2884 858 2981 saepissime
875 2882 1076 2957 indixerunt
1102 2881 1177 2956 bel-

111 3007 202 3095 lum,
222 3007 302 3104 quia
318 3008 373 3079 hae
387 3014 539 3094 mentes,
552 3004 758 3102 eloquentiae
776 3014 810 3078 et
826 3025 970 3101 poeseos
989 3002 1175 3078 dulcedine

110 3127 260 3218 illectaS,
279 3113 411 3202 ab'uno
432 3136 467 3200 et
493 3148 572 3200 vero
600 3127 676 3199 vitae
702 3125 878 3224 proposito
907 3135 1058 3200 avertere
1081 3126 1176 3200 vide·

109 3248 248 3322 bantur.
275 3247 366 3334 Quid
390 3247 483 3345 quod
505 3247 698 3321 doctissimi
724 3247 852 3320 Portus
879 3245 1003 3342 regalis
1030 3245 1174 3336 incolae,

111 3371 288 3468 iidemque
319 3370 438 3466 rigidae
465 3369 675 3444 innocentiae
706 3369 790 3458 viri,
809 3353 901 3443 cum
927 3368 1174 3463 geometriam,

114 3493 364 3568 astronomiam
400 3493 554 3591 aliasque
594 3492 809 3567 naturalium
851 3513 970 3566 rerum
1011 3490 1174 3564 scientias

111 3617 207 3713 parvi
230 3639 304 3690 esse
321 3615 490 3691 momenti
509 3616 771 3710 existimabant,
794 3637 985 3711 earumque
1004 3612 1174 3708 cognitio-

112 3763 193 3815 nem
209 3739 364 3813 luturam
378 3739 421 3813 ad
437 3738 542 3813 vitam
557 3738 688 3813 differri
700 3738 931 3835 aequoanimo
943 3733 1173 3822 sustinebant,

111 3871 187 3936 tum
217 3862 341 3936 litteris
369 3862 481 3936 multo
511 3862 614 3935 ctiam
640 3860 848 3958 iniquioreS,
877 3869 1016 3956 poetas,
1046 3878 1174 3953 eosque

109 3984 313 4080 praeclaros,
338 3995 454 4083 aperte
482 3983 711 4058 nominabant
727 3982 923 4056 veneficos?
947 3978 1036 4065 Quid
1063 3979 1173 4075 quod,

112 4106 241 4179 saeculo
257 4117 438 4203 sequente,
454 4106 662 4215 Genevensis
676 4106 928 4205 philosophus,
937 4105 997 4200 qui
1011 4102 1065 4176 sui
1085 4113 1174 4177 tem-

114 4227 207 4324 poris
221 4251 337 4303 mores
352 4229 387 4301 in
408 4224 589 4302 mollitiem
604 4228 719 4326 lapsos
737 4228 863 4302 acriter
878 4225 1072 4322 castigavit,
1091 4225 1172 4300 elle-

469 4404 485 4442 ἱ
