2970 5190
699 438 748 512 db

296 583 356 641 Non
370 582 438 638 satis
452 586 495 638 est
508 580 622 650 pulchra
635 595 697 639 esse
712 583 853 652 poemata,
866 576 959 635 dulcia
975 580 1074 646 souto,

296 678 330 735 Et
342 690 507 748 quocunque
520 677 613 736 uolent
626 678 746 736 animum
759 676 896 735 auditoris
908 677 1021 748 agunto.

242 882 424 968 Quomodo
439 882 517 975 ille,
541 883 584 958 de
608 906 678 981 quo
696 883 895 981 loquimur,
914 881 1046 987 stoicus
1065 879 1104 952 in
1122 878 1266 954 tristitia

194 1015 254 1080 aut
266 1006 412 1102 gaudio,
429 1007 464 1080 in
480 1007 720 1083 misericordia
739 1020 799 1084 aut
811 1008 863 1081 ira
880 1003 1122 1104 significandis
1142 1025 1267 1077 nume-

195 1152 303 1226 roque
329 1130 462 1228 poetico
490 1132 770 1229 constringendis
795 1130 1051 1208 delectabitur?
1077 1128 1267 1214 Quomodo

196 1248 379 1323 conabitur
395 1259 429 1323 et
446 1250 572 1326 elliciet
586 1262 626 1325 ut
643 1273 712 1348 quo
730 1252 811 1349 igne
834 1251 945 1348 ipsius
963 1249 1103 1322 animus
1122 1248 1269 1337 arserit,

197 1369 344 1444 aliorum
364 1394 502 1468 quoque
522 1373 631 1446 animi
654 1374 821 1463 ardeant,
839 1373 868 1447 si
893 1393 1014 1447 omnes
1038 1369 1187 1443 affectus
1207 1389 1270 1466 pro

197 1489 287 1563 vitiis
307 1489 483 1580 babuerit,
500 1502 535 1566 et
559 1514 618 1566 eos
643 1493 786 1567 morbos
810 1488 1057 1566 existimaverit
1078 1510 1121 1562 ex
1143 1487 1272 1586 optimi

199 1612 368 1710 cujusque
385 1623 501 1686 mente
526 1614 772 1711 expellendos?
788 1614 842 1688 Ad
860 1612 1006 1711 grandia
1031 1633 1173 1707 semper
1188 1608 1269 1682 eni·

199 1753 273 1820 sus,
292 1732 351 1805 illa
365 1754 448 1806 sane
465 1731 653 1829 aliquando
670 1745 906 1831 consequetur
917 1760 926 1825 ;
945 1732 1112 1831 pulchra,
1133 1753 1216 1828 quae
1235 1729 1272 1802 in

199 1876 318 1928 rerum
347 1855 597 1953 temperatione
632 1868 813 1948 constant,
844 1857 980 1947 rarius;
1013 1866 1159 1931 venusta
1179 1877 1272 1930 ¹vero

202 1997 404 2069 nunquam,
427 1984 546 2071 utpote
570 1998 647 2072 quae
671 1976 771 2073 quasi
794 1999 857 2051 sua
881 1986 1005 2074 sponte
1024 1983 1218 2048 nascantur
1236 1983 1272 2046 et

201 2095 352 2191 benigna
384 2119 470 2170 vena
503 2098 681 2194 profluant
714 2098 979 2196 stoicorumque
1016 2096 1159 2193 ingenio
1199 2094 1274 2169 sint

203 2218 552 2293 maximecontraria.
975 2232 979 2237 '
1320 2201 1322 2205 ¹

249 2344 286 2418 Si
305 2343 497 2440 sapientem
523 2344 626 2418 illurn
655 2345 848 2421 stoicorum
877 2367 960 2420 oum
990 2343 1130 2418 Christo
1149 2344 1275 2418 conle-

203 2465 322 2557 rendi,
338 2488 442 2562 quern
461 2476 579 2541 nostra
597 2467 698 2541 nobis
723 2466 844 2563 religio
868 2465 1051 2565 proposuit
1073 2464 1274 2560 exemplar,

202 2586 300 2659 venia
315 2585 506 2674 daretur,e
524 2585 584 2658 tali
601 2584 787 2661 collatione
803 2585 949 2660 forsitan
967 2593 1118 2682 pateret,
1136 2592 1275 2679 quanto

202 2707 280 2798 hio,
307 2709 350 2783 ad
380 2707 514 2783 animos
544 2707 731 2783 hominum
760 2709 1050 2798 commovendos,
1080 2705 1194 2802 magis
1227 2705 1276 2780 sit

202 2854 308 2928 quam
325 2831 383 2905 ille
397 2832 554 2907 idoneus.
573 2831 674 2917 Quod
692 2831 841 2906 Flaccus
860 2832 903 2905 de
921 2826 1178 2916 misericordia,
1201 2827 1274 2901 hoc

202 2955 246 3029 de
262 2956 359 3031 ornni
377 2956 504 3032 mentis
519 2955 664 3045 aflectu,
685 2967 724 3030 ut
737 2955 880 3053 opinor,
899 2954 1090 3031 dicendum
1108 2963 1181 3026 est:

315 3245 504 3263 .....
524 3205 552 3263 Si
568 3206 610 3264 uls
625 3204 925 3278 moderamentum
942 3208 987 3262 est

311 3300 428 3359 Primum
444 3300 498 3372 ipsi
511 3302 573 3360 tibi.

255 3513 383 3591 Christi
402 3514 479 3591 ideo
498 3539 554 3592 me
572 3528 713 3592 movent
730 3516 948 3592 acerbissimi
973 3513 1172 3604 cruciatus,
1192 3514 1279 3610 quia

208 3635 295 3710 veris
309 3636 486 3712 cruciatur
506 3637 687 3713 doloribus
703 3648 737 3713 et
754 3660 812 3712 eos
828 3659 899 3711 non
922 3657 1022 3733 aequo
1045 3634 1163 3708 animo
1182 3619 1278 3730 pati·

208 3767 276 3830 tur.
299 3756 390 3842 Quid
416 3757 550 3832 tristius
577 3767 637 3831 aut
663 3757 896 3832 miserabilius
923 3778 1029 3853 quarn
1058 3775 1125 3826 nox
1150 3751 1210 3824 illa
1240 3752 1276 3824 in

210 3880 365 3955 olearum
386 3882 485 3956 horto
513 3894 605 3970 acta,
625 3891 684 3956 aut
709 3904 816 3978 quarn
843 3901 944 3954 voces
972 3878 1041 3950 illae
1067 3875 1221 3971 lugentis
1246 3882 1280 3947 et

211 4003 343 4078 flentis:
359 4046 409 4058 -
428 4029 445 4076 o
461 4004 614 4079 Calicem
644 4005 739 4078 hunc
766 4027 784 4078 a
810 4025 868 4078 me
895 4003 1063 4077 submove
1074 4023 1083 4088 ;
1101 4036 1149 4053 -—
1164 3997 1282 4085 Deus,

211 4122 303 4201 Deus
321 4151 439 4219 meus,
455 4126 540 4224 quid
555 4124 769 4223 dereliquisti
788 4127 898 4200 melu
