2970 5190
745 470 817 544 lou

198 682 201 689 .
297 616 469 690 Caeterum
495 616 670 690 affirmare
695 637 766 690 non
796 615 918 689 dubito
939 614 1031 689 hanc
1062 615 1106 689 de
1133 613 1320 691 nobilitate

249 738 411 828 satiram,
437 762 477 813 ex
503 761 572 834 qua
601 738 857 834 pulcherrimos
888 737 953 811 hos
984 759 1106 812 versus
1135 738 1319 836 excerpsi,

249 872 356 936 totam
381 885 456 937 esse
483 863 630 937 stoicam
653 874 687 936 et
712 885 752 936 ex
778 861 956 934 altissimis
979 861 1141 936 Porticus
1169 862 1320 958 dogma-

249 987 342 1060 tibus
370 987 538 1083 pendere,
566 1011 661 1084 quae,
689 1010 774 1060 vana
803 987 989 1061 hominum
1016 986 1180 1083 opinione
1211 999 1320 1063 rectae

248 1108 374 1182 rationi
393 1109 606 1204 posthabita,
625 1109 763 1183 nullum
782 1119 905 1206 praeter
922 1109 1085 1183 virtutem
1102 1109 1227 1184 statuit
1242 1133 1318 1185 esse

249 1231 398 1319 bonum,
417 1242 452 1306 et
467 1231 564 1307 nulla
582 1232 649 1306 nisi
668 1233 776 1307 animi
794 1233 885 1308 bona
898 1230 972 1306 nult
988 1253 1064 1307 esse
1079 1255 1142 1329 per
1160 1255 1198 1308 se
1213 1256 1336 1332 expe,

249 1353 363 1429 tenda.
382 1354 465 1430 Haec
479 1355 601 1429 eadem
619 1355 817 1430 luvenalis:

425 1549 494 1606 Tota
508 1548 573 1605 licet
584 1552 692 1605 veteres
705 1551 840 1605 exornent
854 1546 974 1617 undique
988 1558 1059 1603 ccrae

425 1641 513 1711 Atria,
525 1641 655 1697 nobilitas
667 1641 727 1697 sola
741 1646 785 1698 est
794 1644 877 1711 atque
889 1641 971 1697 unica
982 1639 1069 1695 virtus
1082 1636 1100 1692 ¹.

422 1830 512 1887 Prima
525 1829 591 1886 mihi
605 1830 689 1887 debes
702 1830 785 1887 animi
797 1830 880 1889 bona.
894 1831 1014 1887 Sanctus
1025 1807 1149 1895 haheri‚·

423 1926 595 1998 Iustitiaque
609 1932 692 1984 tenax
703 1926 784 1985 lactis
799 1927 935 1999 dictisque
949 1923 1088 1984 mereris?

424 2022 551 2092 Agnosco
564 2036 706 2093 procerem
716 2021 736 2079 ².

296 2183 389 2270 Quin
407 2185 528 2276 etiam,
552 2186 656 2261 satira
674 2187 732 2262 illa
751 2187 907 2276 decima,
926 2208 1004 2284 quaa
1022 2185 1169 2261 devotis
1187 2185 1317 2262 iuscri-

250 2308 364 2399 bitur,
390 2290 425 2383 et
441 2333 519 2406 quae
539 2312 699 2384 omnium
721 2312 897 2387 luvenalis
922 2312 1108 2385 satirarum
1133 2312 1317 2408 perlectis·

249 2431 336 2505 sima
355 2441 390 2506 et
406 2433 664 2507 absolutissima
687 2434 854 2523 habetur,
873 2457 913 2507 ex
935 2433 1021 2508 locis
1044 2434 1316 2524 communibus

248 2550 360 2648 iisque
384 2550 578 2642 dissolutis
596 2566 756 2626 constare
775 2553 955 2651 judicibus
978 2553 1152 2650 plerisque
1172 2555 1243 2627 visa
1264 2566 1317 2628 est

248 2678 293 2751 ob
312 2676 347 2751 id
371 2678 633 2767 tantummodo,
658 2679 751 2776 quod
777 2680 966 2753 stoicorum
991 2679 1168 2775 quoddam
1193 2679 1316 2753 decre·

247 2805 324 2870 tum
352 2806 491 2895 poetam
516 2797 583 2871 sibi
611 2799 834 2895 proposuisse
861 2797 1106 2895 explicandum
1137 2819 1207 2871 non
1237 2798 1316 2871 ani-

248 2919 519 2994 madverterunt.
546 2920 619 2995 Nec
642 2921 849 3016 potentiam,
875 2944 940 2995 neo
964 2921 1127 3016 gloriam,
1153 2943 1217 2994 nec
1241 2921 1316 2995 elo-

249 3035 455 3134 quentiam,'
470 3063 536 3114 nec
553 3041 873 3138 pulchritudinem,
898 3065 963 3115 nee
987 3041 1180 3138 longiorem
1207 3041 1314 3116 vitam

247 3181 326 3233 vera
343 3171 505 3233 numerat
521 3161 612 3234 inter
627 3161 737 3249 bona,
759 3163 840 3259 quia
858 3161 933 3234 fieri
945 3171 1057 3258 potest
1070 3171 1109 3233 ut
1121 3161 1315 3258 possidenti

248 3278 340 3353 male
367 3279 502 3353 cedant.
533 3279 651 3354 Virtus
681 3303 736 3354 res
763 3291 815 3355 est
837 3280 907 3354 sola
935 3281 1109 3377 adquam
1136 3281 1212 3355 sine
1240 3281 1316 3355 ullo

247 3414 343 3478 metu
362 3413 396 3478 et
413 3414 582 3499 tanquam
598 3404 641 3477 ad
667 3428 873 3501 supremum
897 3405 1004 3477 smem
1023 3404 1164 3499 tendere
1188 3405 1315 3498 liceat;
1390 3401 1393 3404 ’

248 3527 315 3601 alia
340 3527 457 3601 omnia
491 3529 675 3602 commoda
704 3528 819 3625 potius
852 3552 957 3624 quam
983 3529 1073 3602 bona
1098 3529 1316 3617 nominanda

247 3657 340 3720 sunt.
359 3646 445 3720 Haec
460 3649 649 3736 sententia,
668 3649 697 3721 si
715 3671 784 3744 qua
803 3670 961 3744 unquam
978 3648 1060 3736 luit,
1079 3648 1315 3741 stoioadisusi-

247 3776 364 3861 patae,
398 3766 510 3864 prima
537 3767 671 3863 specie,
699 3767 804 3865 hujus
832 3767 945 3840 satirae
971 3778 1085 3863 partes
1112 3766 1253 3862 colligat
1280 3760 1316 3842 et

284 3983 292 4020 ¹
304 4000 315 4037 n
327 3986 400 4057 Quis
412 3999 480 4057 erpo
488 3987 660 4057 poderosus?
673 3986 717 4044 od
728 3990 860 4045 virtatem
872 3987 938 4045 benc
950 4003 971 4045 o
984 3995 1097 4045 notura
1107 3991 1314 4059 compositus.»

247 4077 323 4149 (Son.
337 4082 401 4150 Ep.²
415 4076 471 4151 ll.)

289 4170 366 4229 ²Juv.
380 4177 453 4243 Sat,
467 4174 540 4244 llll,
554 4187 578 4230 v.
595 4179 637 4228 t8.
