2970 5190
633 496 698 569 111

137 641 196 714 det
212 640 272 736 qui
291 663 310 713 a
328 650 431 738 poeta
450 650 490 713 ut
514 651 627 714 totum
646 662 775 739 ponere
800 642 888 716 sciat
906 656 986 718 ante
1010 644 1129 719 omnia
1148 668 1204 719 ex·
1315 738 1320 753 ι

136 773 298 860 poscunt.

185 885 291 974 Fine,
315 884 358 958 ad
377 908 483 981 quem
504 906 626 961 omnes
645 887 806 962 homines
828 897 985 986 spectare
1004 898 1037 961 et
1061 888 1125 962 niti
1144 889 1205 964 de-

136 1008 262 1097 beant,
282 1009 389 1083 semel
403 1011 542 1084 decreto
558 1020 592 1085 et
611 1012 815 1101 constituto,
833 1011 976 1087 Persius
995 1012 1120 1109 quaerit
1136 1033 1205 1109 quo

136 1129 251 1226 reipsa
279 1129 438 1226 plerique
465 1131 626 1220 tendant,
655 1142 689 1205 et
716 1154 775 1206 eos
804 1132 929 1207 acriter
958 1136 1070 1231 tangit
1094 1135 1154 1231 qui
1187 1157 1203 1208 a

137 1263 233 1328 recta
249 1253 429 1327 declinant
443 1254 507 1328 via.
532 1254 621 1328 Cum
637 1265 796 1330 nostrum
814 1280 1105 1354 unumquemque
1124 1280 1207 1333 con-

137 1379 316 1453 venienter
333 1388 468 1452 naturae
484 1388 519 1452 et
535 1378 662 1452 rationi
680 1380 791 1454 vivere
809 1391 981 1479 oporteat,
1002 1381 1086 1478 quid
1104 1381 1146 1455 de
1165 1381 1207 1455 iis

136 1501 370 1600 scriptoribus
388 1499 661 1575 existimandum
680 1512 753 1590 est,
780 1502 839 1600 qui
861 1503 988 1609 rationi
1016 1512 1049 1576 et
1075 1512 1209 1576 naturae

137 1626 312 1701 contraria
337 1649 478 1724 semper
504 1626 673 1724 aucupari
704 1626 889 1701 videntur?
916 1627 1004 1701 Cum
1034 1636 1157 1701 natura
1175 1639 1210 1700 et

138 1745 227 1820 ratio
242 1744 344 1820 nobis
363 1744 551 1834 suadeant,
570 1745 622 1818 vel
638 1745 754 1843 potius
768 1745 957 1842 imperent,
976 1756 1015 1820 ut
1025 1744 1158 1844 justitia
1175 1757 1210 1819 et

138 1866 322 1941 sanctitate
339 1867 494 1965 placatos
511 1866 704 1941 efficiamus
718 1866 821 1956 deos,
835 1866 920 1964 quid
936 1867 978 1941 de
992 1866 1033 1940 iis
1050 1866 1208 1942 censebi-
1303 1890 1305 1895 ’

138 2012 219 2063 mus
239 1989 298 2085 qui
322 1989 405 2064 deos
423 1988 594 2086 sanguine
613 2000 647 2063 ct
664 1990 750 2063 extis
770 1989 959 2064 vitularum
977 1989 1097 2063 volunt
1121 2012 1209 2086 quo-

139 2114 328 2188 dammodo
344 2115 595 2213 corrumpere?
611 2114 744 2188 Natura
771 2127 805 2189 et
827 2113 960 2188 ratione
976 2114 1094 2212 juveni
1121 2137 1208 2212 prae·

139 2236 350 2333 cipientibus
369 2248 409 2311 ut
425 2261 445 2311 e
463 2237 582 2312 schola
601 2261 707 2334 quam
724 2236 1003 2334 sapientissimus
1020 2238 1156 2322 evadat,
1176 2249 1209 2311 et

139 2356 224 2444 sibi,
253 2355 475 2454 parentibus,
507 2356 646 2454 patriae,
676 2379 782 2453 quam
813 2356 964 2431 maximo
995 2356 1040 2431 sit
1069 2358 1208 2431 emolu-

140 2490 275 2570 mento,
294 2480 380 2577 quid
405 2480 448 2554 de
474 2502 515 2554 eo
541 2503 681 2578 sperare
706 2503 895 2578 possumus
923 2481 982 2578 qui
1008 2481 1114 2554 vitam
1141 2480 1210 2576 agit

140 2627 265 2679 somno
283 2614 318 2680 et
333 2604 599 2700 galepodius,
618 2614 721 2701 atque
743 2603 779 2676 in
808 2603 902 2701 turpi
927 2615 1044 2701 stupet
1060 2604 1211 2677 inertia?

140 2730 190 2803 lta
205 2728 366 2818 Persius,
385 2751 448 2803 seu
464 2729 506 2803 de
522 2728 645 2802 litteris
661 2727 835 2816 colendiS,
852 2750 914 2802 seu
933 2706 975 2801 de
994 2726 1209 2801 honorandis

141 2849 368 2939 numinibuS,
386 2873 448 2925 seu
467 2852 509 2926 de
527 2850 645 2949 pueris
664 2848 888 2923 instituendis
904 2849 1076 2924 disserere
1094 2872 1209 2947 coepe-

140 2973 204 3064 rit,
220 2995 358 3072 semper
373 2997 512 3055 summa
528 2974 688 3071 quaedam
707 2973 845 3048 decreta
859 2984 892 3047 et
905 2972 1062 3047 instituta
1078 2995 1208 3070 ponere
1246 2955 1255 2977 ‘

140 3095 246 3183 solet,
262 3095 375 3186 unde,
389 3096 495 3171 veluti
509 3095 721 3194 quibusdam
740 3118 759 3169 e
777 3095 953 3185 sontibus,
972 3106 1093 3170 caetera
1113 3115 1208 3191 quae·

141 3214 226 3292 libet
245 3219 418 3292 oriuntur.
875 3290 879 3298 .

188 3344 267 3418 Non
283 3344 348 3419 alia
368 3367 454 3419 usos
467 3353 520 3419 est
534 3343 736 3442 disputandi
759 3344 912 3433 ratione,
932 3364 1013 3417 cum
1030 3342 1072 3416 de
1091 3341 1208 3439 publi-

142 3467 192 3541 cis
208 3468 312 3542 rebus
330 3467 470 3565 scripsit
488 3478 606 3543 noster
618 3478 736 3565 poeta:
758 3467 887 3566 quippe
901 3466 961 3563 qui
980 3464 1089 3567 probe
1106 3463 1209 3537 intel-

142 3586 279 3662 lexisset
296 3588 461 3663 eumdem
483 3589 672 3662 hominum
698 3587 875 3683 societati,
893 3585 954 3682 qui
980 3583 1126 3678 singulis
1146 3583 1209 3655 ho-

142 3710 297 3785 minibus
329 3720 401 3800 est,
434 3711 602 3808 assignari
633 3712 760 3800 finem,
794 3718 828 3782 et
852 3706 978 3781 iisdem
1003 3704 1207 3791 virtutibm,

142 3831 270 3926 quibus
285 3831 461 3929 perfectus
481 3831 630 3905 efficitur
648 3830 752 3919 civis,
768 3830 958 3928 perfectam
981 3826 1072 3901 effici
1092 3825 1210 3900 civita·

142 3967 223 4031 tem.
246 3956 366 4054 Itaque
384 3955 537 4029 hominis
556 3956 612 4054 cuj
619 3978 728 4052 usque
746 3955 854 4028 finem
872 3950 1043 4026 nescienti
1062 3951 1104 4025 de
1128 3949 1210 4025 civi·
1239 4022 1240 4025 ,
1287 4022 1296 4036 ,
1317 4055 1319 4060 .

142 4079 185 4152 lis
204 4078 467 4154 communitatis
497 4081 567 4152 fine
596 4076 772 4151 silendum
801 4085 863 4150 est.
895 4073 992 4147 Idem
1020 4070 1209 4160 sentiebat,
1278 4065 1279 4068 ’

144 4201 238 4299 apud
256 4212 404 4292 veteres,
420 4201 541 4291 Plato,
559 4199 639 4297 qui,
666 4200 701 4274 in
720 4197 848 4293 Gorpio
870 4195 1049 4270 Socratem
1070 4192 1208 4269 inducit
1233 4227 1236 4232 ·
