2970 5190
758 483 804 556 86

203 602 208 612 ’
295 625 430 712 Quibus
460 650 500 701 ex
529 627 694 702 omnibus
724 636 819 724 patet
844 636 995 702 veterem
1022 625 1124 700 illum
1153 635 1313 722 poetam,

245 745 322 841 qui,
345 757 384 818 ut
406 745 643 820 Lactantienis
665 757 744 820 utar
766 746 898 836 verbis,
925 745 1022 820 «Diis
1048 758 1082 819 et
1105 744 1312 820 hominibus

245 891 315 943 non
333 870 504 967 pepercit,
522 897 539 940 i>
559 893 669 966 quum
683 870 958 969 philosophiam,
971 880 1046 945 tum
1065 869 1214 945 maxime
1232 854 1312 968 phi-

245 986 443 1084 losophiam
462 989 608 1063 stoicam
628 989 789 1063 coluisse.
1128 986 1132 993 ’

293 1109 408 1184 Erunt
435 1111 580 1184 fortasse
609 1111 670 1208 qui
699 1110 785 1184 mihi
818 1110 1002 1208 objiciant,
1031 1117 1123 1207 quod
1150 1111 1312 1187 Lucilius

244 1227 330 1302 adeo
349 1250 418 1301 non
435 1229 697 1319 stoicissaverit,
713 1240 752 1304 ut
769 1242 889 1304 contre
908 1230 1019 1306 verbis
1039 1232 1208 1329 carpserit
1225 1233 1313 1307 stoi-

245 1373 315 1425 cos.
334 1350 462 1425 Lucilii
476 1352 570 1426 enim
589 1352 625 1425 hi
643 1363 726 1427 suut
740 1375 860 1427 versus
876 1377 901 1442 :¹

352 1607 359 1623 .
397 1606 403 1621 .
446 1607 452 1620 .
490 1566 1046 1627 .Nondumetiamhaecomniahabebit

352 1661 515 1732 Formosus,
531 1662 623 1734 dives,
641 1662 726 1734 liber,
742 1676 790 1723 rex
807 1662 877 1719 solu'
893 1667 1016 1722 uocetur.
1119 1696 1127 1716 1

294 1845 356 1919 His
372 1858 489 1921 autem
504 1847 634 1936 verbis,
650 1847 808 1942 quemvis
823 1858 939 1922 essent
953 1846 1116 1936 clariora,
1134 1845 1313 1922 Lucilium

248 1995 318 2046 non
338 1973 384 2047 ita
402 1974 515 2079 luisse
527 1972 644 2047 stoicis
663 1972 860 2062 addictum,
879 1972 971 2046 utin
991 1994 1112 2046 eorum
1134 1972 1239 2047 rerba
1254 1975 1314 2072 ju-

246 2105 355 2183 raret,
369 2105 506 2168 tantum
518 2095 733 2186 vinceretur3
747 2118 829 2169 eum
845 2105 961 2170 eutem
977 2117 1047 2169 non
1058 2094 1137 2192 plus
1151 2094 1312 2170 minusve

247 2218 513 2308 stoicissavisse,
529 2219 626 2293 nullo
645 2218 760 2294 modo.

295 2341 379 2414 Post
396 2321 592 2430 Lucilium,
610 2342 733 2415 satiras
751 2362 909 2438 quoque,
927 2339 988 2413 sed
1011 2362 1069 2414 eas
1095 2362 1165 2444 non
1185 2361 1312 2438 perum

248 2461 373 2537 diversi
392 2462 545 2557 generis,
561 2464 700 2562 scripsit
714 2463 843 2552 Varro,
862 2462 890 2536 is
915 2463 975 2559 qui
993 2461 1217 2536 doctissimus
1240 2461 1313 2536 Ro-

249 2605 436 2657 manorum
450 2583 516 2657 luit
533 2583 738 2682 appellatus.
758 2582 824 2656 Hic
841 2593 958 2657 tamen
977 2604 1057 2656 cum
1073 2580 1132 2654 illo
1153 2580 1188 2655 id
1206 2580 1314 2655 habet

249 2728 456 2795 commune,
475 2705 569 2803 quod
587 2705 696 2779 multa
715 2728 734 2779 e
756 2703 1047 2800 philosophorum
1069 2698 1233 2799 operibus
1251 2703 1313 2777 de-

249 2836 410 2923 prompta
425 2825 497 2898 suis
517 2825 553 2897 in
572 2825 729 2898 versibus
749 2823 932 2898 conclusit.
954 2820 1045 2896 Cum
1071 2823 1165 2897 enim
1185 2823 1315 2897 viveret

250 2947 342 3045 apud
360 2946 521 3021 homines
540 2969 557 3019 a
577 2945 797 3044 philosophia
816 2945 1085 3034 remotissimos,
1104 2954 1143 3019 ut
1166 2944 1210 3018 ad
1235 2966 1314 3020 eam

249 3069 355 3143 rudes
373 3078 407 3142 et
424 3091 558 3141 aversas
580 3067 804 3164 popularium
829 3077 963 3141 mentes
986 3066 1154 3156 alliceret,
1172 3067 1314 3163 sepien-

250 3193 338 3297 tium
357 3193 503 3288 placita,
523 3216 632 3289 quum
652 3192 873 3266 sermonibus
889 3191 1071 3280 distincta,
1087 3201 1163 3264 tum
1181 3189 1315 3284 lucetiis

200 3366 213 3375 -
250 3317 408 3406 condite,
435 3317 471 3390 in
500 3318 615 3392 lucem
643 3317 805 3415 protulit,
829 3317 865 3390 in
893 3339 962 3412 quo
991 3315 1087 3390 hunc
1112 3338 1256 3413 poeseos
1281 3326 1316 3390 et

250 3441 479 3540 philosophice
497 3452 725 3529 concentum,
753 3463 857 3536 quem
876 3439 1082 3537 quaerimus,
1100 3440 1238 3514 efficere
1253 3460 1316 3514 co-

250 3575 352 3638 natus
370 3575 430 3637 est.
450 3564 577 3638 Utrum
596 3586 675 3638 vero
690 3563 741 3637 vir
755 3563 913 3637 doctrina
929 3560 1314 3636 eruditissimusidcm-

250 3705 317 3779 que
344 3683 483 3778 ingenio
514 3683 705 3756 acerrimus
736 3681 830 3778 quod
860 3682 925 3755 sihi
957 3692 1186 3778 proposuerat
1210 3680 1318 3755 luerit

251 3815 460 3878 consecutus
486 3826 614 3891 necne,
643 3803 863 3899 paucissimae
885 3803 994 3901 ipsius
1020 3803 1206 3876 satirarum
1234 3804 1317 3878 reli-

251 3929 341 4025 quice
359 3949 422 4001 nos
441 3937 533 4001 recte
552 3926 743 4024 dijudicare
762 3948 832 3999 non
856 3927 986 4000 sinunt.
1211 3920 1214 3925 ’

300 4049 388 4123 Cum
418 4060 534 4122 autem
559 4048 843 4138 Varro,.teneris
871 4048 915 4124 ab
943 4047 1060 4138 annis,
1083 4047 1316 4146 philosophiae

250 4193 391 4266 operum
419 4170 623 4260 paravisset,
641 4169 814 4243 Antiocho
833 4169 1016 4270 magistro,
1037 4168 1097 4265 qui
1115 4169 1206 4243 inter
1227 4168 1314 4242 Ger-
