2970 5190
634 536 681 609 93

123 675 175 750 vix
206 675 314 750 stoica
345 676 561 769 viderentur,
592 680 638 753 ita
674 680 836 777 quaedam
867 680 1015 754 reseram
1052 691 1189 772 tamen,

123 800 253 898 quippe
271 823 349 897 quae
367 801 411 876 ad
429 802 675 877 illustrandam
702 803 911 878 sententiam
936 827 1015 878 vere
1042 804 1187 879 stoicam

122 925 397 1002 emissefuerint.
411 927 551 1004 lnducit
567 951 688 1005 secum
703 930 904 1027 loquentem
917 927 1186 1027 Damasippum,

121 1071 246 1148 quem,
263 1050 413 1126 fortunis
431 1052 597 1128 omnibus
624 1053 869 1145 deturbatum,
889 1052 1076 1129 Stertinius
1094 1052 1187 1127 solo-

120 1178 177 1246 tus
192 1170 297 1270 jussit
311 1194 454 1269 pascere
466 1172 612 1250 barbam
625 1231 635 1266 ,
649 1197 820 1272 magnum
838 1174 1016 1274 sapientiae
1034 1175 1187 1271 signnm.

121 1293 244 1384 Qni‚a
271 1294 436 1393 colloquii
458 1296 576 1391 initio,
605 1299 690 1388 hoc,
717 1297 856 1396 dequo
884 1297 1017 1396 agitur,
1043 1297 1187 1374 effatum

121 1418 254 1514 profert
267 1426 302 1492 et
318 1418 456 1495 statuit:
729 1412 734 1420 ’

229 1597 315 1664 Quem
328 1594 399 1652 mala
411 1595 542 1664 stultitia,
555 1600 584 1652 et
596 1608 769 1667 quaecunque
782 1594 892 1653 inscitie
906 1595 962 1652 veri

228 1689 335 1746 caecum
350 1689 420 1761 agit,
434 1690 563 1746 insanum
575 1689 720 1760 Chrysippi
733 1689 858 1759 porticus
875 1693 903 1744 et
914 1702 982 1759 grex

227 1781 365 1843 lutumat.
378 1784 442 1840 llaec
455 1783 588 1854 populos,
602 1782 660 1839 haeo
673 1795 789 1854 magnos
801 1781 918 1838 formula
931 1795 1025 1852 reges,

227 1879 348 1951 Excepto
362 1881 486 1950 sapiente
501 1884 577 1938 tenet
589 1879 605 1936 ¹.

686 1981 692 2010 .

168 2033 260 2109 'l'um
280 2056 438 2124 auarum,
458 2033 634 2109 honorum
654 2035 840 2134 cupidum,
859 2034 1066 2133 prodigum,
1085 2058 1187 2110 ama-

120 2167 248 2247 torem,
269 2157 424 2256 aliosque
442 2158 603 2234 homines
617 2158 757 2234 vitiosos
774 2169 951 2249 recenset,
969 2169 1004 2234 et
1023 2173 1117 2233 nunc
1132 2159 1187 2257 jo·

120 2277 229 2368 cosiS,
247 2300 342 2353 nunc
366 2277 498 2377 asperis
524 2277 650 2353 verbis,
665 2276 878 2377 perstringit.
897 2276 1051 2352 Avarum
1068 2287 1187 2353 autem

119 2399 156 2474 in
180 2400 303 2499 primis
321 2400 435 2475 verbis
453 2400 607 2492 lacessit,
623 2424 792 2500 eumque,
812 2425 923 2499 quum
941 2401 1062 2476 multis
1081 2424 1184 2497 argu-

119 2523 266 2614 mentiS,
280 2533 356 2599 tum
374 2524 524 2599 maxime
542 2525 652 2599 acutis
666 2525 720 2599 his
733 2524 1023 2600 similitudinibus
1038 2522 1185 2600 delirare

119 2646 313 2720 confirmat.
334 2643 556 2720 Cithararum
572 2656 721 2744 emptor,
734 2645 863 2741 quibus
875 2667 946 2720 non
959 2644 1082 2734 utitur,
1097 2668 1184 2741 pru-

121 2768 235 2844 dentis
253 2769 424 2867 cujusque
441 2769 552 2844 risum
565 2780 696 2861 movet;
710 2770 927 2868 scalprarum
943 2778 977 2842 et
990 2769 1185 2843 formarum

121 2891 382 2983 accumulator,
397 2892 427 2967 si
444 2893 549 2968 modo
568 2891 613 2966 sit
636 2891 780 2967 sutrinae
797 2892 956 2989 ignaruS,
976 2913 1097 2968 amens
1115 2914 1185 2965 un·

121 3013 227 3112 dique
244 3014 369 3092 merito
388 3014 537 3093 dicitur:

600 3199 652 3270 Qui
666 3201 805 3273 discrepat
819 3201 895 3272 istis,

228 3293 280 3361 Qui
296 3307 422 3351 nummos
436 3308 587 3366 aurumque
603 3296 743 3367 recondit,
759 3297 871 3354 nescius
884 3296 924 3354 uti

229 3392 407 3465 compositis,
421 3399 601 3466 metuensque
612 3395 688 3454 velut
702 3396 864 3467 contingere
877 3408 986 3453 sacrum
998 3392 1028 3450 ²?

172 3552 293 3652 Operae
310 3519 462 3653 pretium
479 3566 531 3632 est
549 3557 665 3632 ridere
684 3556 769 3654 quid
785 3555 934 3631 senserit
950 3563 1069 3629 noster
1086 3563 1187 3653 poeta

123 3672 166 3747 de
178 3672 238 3748 illo
253 3674 425 3771 paradoxo
444 3677 537 3775 apud
554 3679 681 3752 stoicos
697 3690 768 3788 tam
785 3676 974 3765 celebrato,
993 3675 1185 3776 sapientem

121 3795 280 3871 videlicet
309 3797 424 3872 solum
451 3821 526 3874 esse
553 3821 681 3897 regem.
709 3798 879 3874 Homines
910 3799 1030 3896 inopes
1057 3808 1091 3871 et
1124 3797 1188 3871 alia

121 3921 261 4017 quando
279 3943 452 4020 pannosos
471 3924 532 4021 qui
548 3935 727 4024 sceptrum
750 3936 784 4000 et
802 3924 961 3999 diadema
980 3923 1046 3998 sibi
1070 3919 1184 3997 vindi-¹

161 4189 242 4249 'Hoc
256 4190 403 4263 l.11‚Sot.
418 4197 445 4264 3,
458 4205 484 4250 r.
500 4195 543 4251 38.
600 4238 604 4249 .

156 4283 311 4358 ²Idcm,v.
327 4289 388 4346 tot.
452 4363 455 4368 ι
