2970 5190
758 498 829 571 lla

263 645 325 723 sed
343 648 474 744 ubique
492 656 527 720 et
541 667 696 743 semper,
711 645 883 735 evenisse,
898 644 946 720 ita
965 655 1003 720 ut
1017 645 1060 719 de
1076 647 1174 720 omni
1192 650 1326 746 populo

259 775 340 872 jure
361 773 456 848 dicas
479 771 573 871 quod
595 771 638 846 de
662 771 792 869 populo
809 791 955 844 romano
977 770 1171 868 praesertim
1190 771 1330 850 dictum

264 895 407 971 luerit¹.

217 1065 220 1071 -
313 1016 409 1092 Nihil
428 1025 545 1091 autem
567 1024 705 1089 tantum
722 1014 865 1112 prodest
886 1013 1047 1111 gentibus
1075 1014 1118 1090 ad
1143 1039 1327 1093 summum

264 1135 401 1210 virtu-tis
420 1146 454 1210 et
471 1133 646 1210 felicitatis
666 1134 815 1230 gradum
832 1133 1076 1231 promovendis
1103 1157 1209 1231 quam
1228 1159 1330 1233 gene

265 1280 344 1334 rosa
363 1257 531 1335 libertatis
550 1279 651 1347 cura,
670 1267 705 1331 et
721 1278 761 1331 ea
787 1278 893 1353 quam
916 1255 1050 1331 Tullius
1076 1257 1237 1333 nominat
1260 1260 1328 1335 hu-

266 1381 362 1456 mani
377 1381 514 1479 generis
536 1381 733 1469 caritatem,
753 1401 903 1478 quarum
921 1401 990 1455 una
1013 1380 1057 1454 ad
1075 1379 1239 1456 homines
1258 1383 1330 1457 sin·

266 1507 378 1605 gulos,
389 1508 496 1583 altera
506 1527 586 1583 vero
601 1505 645 1580 ad
657 1505 794 1581 civilem
808 1504 1096 1581 communitatem
1106 1503 1331 1604 potissimum

268 1639 411 1729 spectat.

316 1749 501 1828 Libertatis
526 1771 610 1824 cura
635 1747 673 1822 in
697 1769 737 1822 eo
761 1746 910 1824 maxime
937 1759 1080 1846 apparet
1105 1749 1199 1849 apud
1215 1750 1332 1827 Luca-

267 1901 375 1967 num,
404 1875 498 1975 qood
524 1897 664 1950 summa
690 1873 906 1950 observantia
935 1874 1017 1950 colit
1041 1875 1185 1973 antiqua
1212 1877 1335 1954 Romae

268 1998 448 2086 instituta,
470 1994 598 2092 quibus
617 1993 829 2092 jamdudum
848 1992 976 2068 civium
996 1993 1077 2093 jura
1102 1997 1335 2094 protegeban-

268 2128 343 2206 tur,
373 2127 427 2205 et,
455 2114 584 2212 quibus
609 2111 772 2201 sublatis,
800 2112 887 2187 nibil
912 2112 1084 2211 supererit
1106 2114 1200 2211 quod
1228 2115 1335 2190 unius

269 2237 500 2314 dominationi
529 2235 640 2334 possit
668 2233 847 2309 obsistere.
875 2235 1012 2334 Itaque,
1038 2236 1124 2311 dum
1152 2237 1336 2314 Romanus

269 2372 411 2436 senatus
440 2357 537 2458 Epiri
568 2379 710 2456 campos
740 2367 901 2455 peragrat
926 2358 1022 2434 exsul
1053 2369 1087 2433 et
1112 2360 1240 2435 humili
1271 2361 1336 2437 sub

270 2494 362 2560 tecto
382 2481 488 2557 habet
505 2480 713 2571 concilium,
732 2490 851 2555 noster
866 2480 1031 2559 Lucanus
1049 2481 1086 2554 in
1100 2482 1339 2582 basemmpit

271 2628 369 2681 voces
389 2627 476 2702 quas
504 2603 591 2679 alius
617 2611 733 2702 poeta,
752 2611 962 2701 praematura
979 2624 1119 2703 quoque
1143 2613 1337 2703 praereptus

270 2733 402 2821 neoe²,
430 2728 618 2804 novissimo
646 2727 790 2802 finiente
820 2728 969 2819 saeculo,
1000 2729 1070 2803 sere
1097 2728 1222 2824 rese-rt,
1253 2751 1337 2804 cum

269 2854 399 2945 alium,
417 2875 569 2951 eumque
595 2850 805 2927 nobiliorem
833 2849 987 2925 celebrat
1012 2861 1194 2941 senatum,
1212 2850 1249 2925 in
1275 2851 1337 2927 illo

265 2976 340 3072 jam
357 2975 594 3050 illustrissimo
607 2973 708 3071 pileae
725 2973 827 3063 ludo,
842 2972 887 3048 de
902 2972 1062 3049 libertate
1076 2973 1257 3050 Gallorum
1277 2974 1339 3051 de·

272 3096 501 3172 liberantem:

378 3329 611 3350 ......
628 3289 775 3364 Peregrina
789 3304 821 3350 ac
835 3289 946 3349 sordida
961 3287 1042 3349 sedes
1100 3287 1103 3291 '

376 3383 513 3446 Romanos
525 3388 599 3459 cepit
611 3401 756 3461 procerem
774 3392 936 3460 secretaque
952 3401 1043 3446 rerum

376 3485 484 3555 Hospes
500 3484 527 3541 in
541 3483 663 3541 externis
678 3483 784 3540 audivit
796 3482 879 3540 Curia
892 3480 988 3541 tectis!

376 3572 444 3640 Nam
460 3581 523 3652 quis
535 3585 626 3637 castra
639 3585 719 3638 vocet
732 3585 774 3638 tot
786 3581 898 3639 strictas
907 3582 970 3651 jure
982 3591 1109 3650 secures,

377 3676 429 3733 Tot
442 3676 553 3734 fasces?
567 3676 663 3734 docuit
677 3677 796 3749 populos
811 3676 977 3735 venerabilis
994 3674 1061 3732 ordo

377 3766 438 3832 Non
452 3773 544 3844 Magni
557 3778 662 3845 partes
680 3773 728 3830 sed
743 3774 871 3844 Magnum
886 3772 912 3830 in
929 3771 1054 3844 partibus
1068 3782 1130 3827 esse
1142 3767 1159 3825 ³.

309 4024 317 4061 ¹
331 4022 448 4096 Pharo,
464 4026 480 4081 l.
494 4027 521 4097 l,
534 4039 558 4083 v.
575 4028 636 4084 573.

308 4119 420 4178 ²lndrt
436 4122 561 4181 Chenier.
580 4125 674 4195 Lejeu
689 4120 724 4179 de
735 4137 851 4194 paterno.

311 4213 450 4285 ³Pltorn,
464 4216 483 4273 l.
497 4217 528 4287 V,
542 4231 567 4273 v.
582 4221 609 4272 9.
