2970 5190
707 525 755 598 dd

203 670 285 742 riori
303 668 515 777 tristiorique
541 670 679 766 ingenio
705 670 888 766 praeditus,
913 670 956 745 nd
985 670 1136 744 Zenonis
1154 671 1275 768 potius

204 813 309 886 quam
332 790 375 864 ad
403 790 544 888 Epicuri
564 791 689 887 placita
715 793 931 891 explananda
949 804 1039 883 erat,
1062 804 1101 867 ut
1124 793 1272 890 opinor,

205 918 317 983 natus

612 1153 757 1228 CAPUT
782 1153 853 1228 Vll.

258 1315 338 1379 oum
356 1315 542 1370 rancum
558 1317 711 1372 nunnius
729 1317 861 1373 saorcm
879 1317 1088 1374 nrscranmn
1104 1318 1218 1374 amnt.

254 1515 329 1592 Hoc
346 1519 556 1615 opusculum
574 1542 645 1593 non
663 1520 741 1597 ideo
759 1523 916 1619 suscepi,
938 1532 977 1596 ut
993 1522 1187 1598 stoicorum
1208 1522 1277 1596 uir·

207 1648 296 1714 tutos
315 1638 477 1713 clariores
503 1640 697 1731 efficerem,
724 1663 846 1716 eorum
874 1652 991 1716 autem
1018 1654 1173 1740 tegerem
1191 1639 1276 1716 vitia

206 1770 240 1832 et
253 1758 350 1855 quasi
366 1759 577 1856 quibusdam
595 1760 783 1835 involucris
798 1760 1037 1836 obtenderem.
1056 1760 1118 1833 His
1133 1761 1178 1834 de
1193 1761 1277 1858 phi-

206 1885 361 1982 losophis
379 1883 454 1959 sine
472 1885 587 1960 studio
606 1897 640 1959 et
663 1886 713 1961 ira
737 1887 890 1962 scribere
908 1887 995 1960 mihi
1014 1888 1050 1959 in
1069 1885 1189 1960 animo
1209 1897 1275 1960 est.

206 2003 325 2101 ltaque
344 2026 421 2093 eos,
447 2015 578 2078 rectam
597 2005 739 2101 quidem
763 2005 854 2078 viam
880 2004 1087 2102 plerumque
1111 2015 1278 2095 secutoS,

207 2125 339 2223 aliquot
356 2127 392 2200 in
406 2149 541 2201 errores
558 2127 692 2201 fatebor
704 2126 889 2216 incidisse,
903 2127 964 2223 qui
977 2126 1020 2200 de
1033 2146 1157 2200 eorum
1172 2126 1280 2200 insti-

207 2249 290 2323 tutis
308 2248 456 2346 aliquid,
472 2271 541 2323 non
568 2249 720 2324 veritatis
738 2250 872 2340 solum,
891 2250 952 2324 sed
978 2248 1083 2324 etiam
1110 2248 1279 2346 pulchri·

208 2371 338 2446 tudinis
357 2370 589 2446 detraxerunt.

255 2496 380 2570 Stoicis
398 2496 589 2593 sapientem
607 2494 708 2568 illum
727 2493 986 2591 quaerentibus,
1012 2494 1072 2592 qui
1095 2495 1277 2592 perfectus

207 2628 297 2694 esset
314 2628 348 2693 et
365 2619 528 2693 omnibus
546 2617 618 2692 suis
633 2617 790 2692 numeris
805 2617 982 2715 expletus,
998 2616 1091 2691 venit
1115 2616 1152 2690 in
1172 2641 1277 2692 men-

207 2754 294 2832 tem,
312 2742 398 2816 nihil
417 2742 637 2840 praestantius
656 2763 762 2837 quam
786 2740 968 2814 hominem
992 2740 1143 2814 liberum
1168 2755 1203 2814 et
1231 2742 1276 2816 ab

208 2863 303 2937 omni
334 2861 523 2959 cupiditate
553 2883 702 2934 vacuum
735 2883 809 2934 esso
836 2881 947 2956 posse.
977 2860 1096 2955 ltaque
1125 2871 1278 2935 cunctos

207 2987 315 3063 animi
333 2987 494 3075 affectus,
519 2995 639 3083 utpote
665 2985 725 3081 qui
741 2985 893 3059 liberum
910 2984 1094 3059 arbitrium
1109 2984 1190 3082 plus
1211 2986 1278 3059 mi-

209 3128 316 3180 nusve
334 3083 558 3203 impedirent,
577 3126 647 3178 non
666 3104 912 3200 temperandos
929 3105 1063 3192 solum,
1082 3103 1143 3177 sed
1166 3103 1277 3177 etiam

209 3224 460 3300 exscindendos
471 3247 545 3299 esse
555 3225 841 3321 praedicaverunt.
855 3222 931 3296 Hoc
943 3223 1077 3296 scilicet
1088 3243 1159 3295 nou
1173 3222 1279 3296 intel-

209 3345 384 3433 lexerunt,
403 3343 531 3418 animal
554 3342 850 3440 unumquodque,
876 3364 947 3415 non
966 3337 1082 3437 aliqu'a
1101 3341 1276 3438 partium,

188 3484 249 3542 'ex
276 3467 403 3564 quibus
428 3478 581 3557 constat,
609 3468 738 3556 excisa,
764 3467 845 3556 sed,
872 3464 1008 3540 cunctis
1035 3465 1089 3538 his
1113 3465 1277 3562 partibus

209 3589 427 3688 temperatis
444 3590 487 3664 ad
506 3590 802 3666 absolutissimam
822 3588 950 3664 adduci
968 3588 1079 3662 solere
1093 3587 1199 3662 totius
1214 3611 1278 3684 ge-

211 3712 305 3786 neris
320 3713 480 3786 sormam.

260 3836 432 3933 Equidem
448 3837 520 3912 scio
536 3837 584 3935 (id
604 3836 697 3934 quod
717 3860 735 3910 a
751 3836 944 3910 clarissimo
962 3833 1140 3909 novissimi
1154 3834 1279 3908 saeculi

215 3966 355 4031 auctore
372 3957 408 4030 in
426 3956 563 4055 scriptis
582 3956 743 4031 relictum
759 3966 812 4030 est
822 3955 849 4055 ¹)
864 3955 992 4030 stoicos
1007 3954 1044 4026 in
1059 3953 1100 4026 iis
1119 3964 1280 4027 tantum-

215 4074 339 4166 modo,
363 4098 440 4173 quaa
469 4099 636 4174 magnum
656 4077 814 4152 animum
841 4076 1074 4173 requirerent,
1094 4095 1220 4170 nempe
1240 4074 1277 4147 in

249 4270 258 4307 ¹
273 4269 473 4340 Montesquieu.
488 4272 591 4342 aspro
602 4269 651 4327 dos
662 4270 728 4341 tots,
742 4269 760 4325 l.
773 4270 862 4342 XXIV,
873 4283 897 4325 c.
911 4272 954 4325 to.
