2970 5190
417 782 530 852 iamiam
544 779 654 851 legibus
668 780 777 836 obrutis

416 880 521 941 Mundo
534 895 597 938 cum
610 880 702 937 ueniet
716 879 790 949 dies,

418 972 553 1032 Australis
565 973 648 1044 polus
661 973 762 1030 obruet

418 1065 557 1139 Quidquid
571 1080 620 1138 per
634 1066 745 1137 Lydiam
762 1068 849 1138 jacet,

417 1163 450 1221 lit
464 1176 580 1233 sparsus
594 1163 727 1237 Garamas
744 1166 829 1219 tenet.

403 1259 487 1319 'Coeli
500 1262 576 1332 regia
588 1261 731 1332 concidet,

418 1357 515 1416 certos
530 1363 612 1428 atque
626 1357 718 1414 obitus
731 1358 835 1427 trahet,

376 1451 379 1458 '
416 1448 504 1521 nuque
518 1463 614 1507 omnes
629 1451 734 1521 pariter
746 1453 821 1509 Deos

417 1543 516 1600 Perdet
529 1556 604 1600 mors
617 1543 709 1616 aliqua
725 1548 752 1601 et
764 1546 849 1601 chaos
861 1543 878 1601 ¹.

255 1757 296 1832 ln
322 1756 416 1832 illius
441 1759 608 1833 carminis
640 1783 751 1856 quum
782 1759 982 1852 sententiis,
1013 1770 1088 1834 turn
1116 1761 1273 1836 numeris

205 1887 311 1974 atque
329 1877 442 1952 modis
469 1877 590 1977 plura,
610 1877 677 1951 nisi
704 1879 820 1969 fallor,
840 1880 992 1977 reperire
1010 1890 1079 1973 est,
1103 1904 1180 1978 quae
1198 1903 1273 1956 rne-

205 2000 355 2075 moriam
375 2012 538 2077 revocent
553 2002 644 2076 sacri
657 2003 765 2101 hujus
780 2003 920 2102 hymni,
936 2025 1006 2101 quo
1021 2002 1178 2078 Ecclesia
1194 2027 1273 2102 per-

205 2133 312 2198 terret
333 2123 491 2199 fidelium
517 2125 671 2216 animos,
695 2136 729 2201 et
755 2148 843 2223 quo,
860 2125 1061 2223 germanica
1082 2127 1119 2200 in
1138 2126 1273 2219 sabula,

205 2248 331 2346 puellae
349 2239 507 2324 nocentis
525 2272 628 2324 aures
646 2260 831 2325 resonant:

417 2495 483 2553 iiies
496 2495 557 2565 irae,
571 2494 632 2553 dics
646 2495 694 2552 iiia

418 2595 510 2652 Solvet
523 2594 635 2652 saeclum
649 2595 677 2653 in
691 2594 796 2665 iaviila,

418 2687 500 2745 Teste
514 2687 602 2745 David
615 2700 678 2746 cum
692 2687 804 2760 sibylla.

252 2897 431 2972 Posterius
451 2906 568 2971 autom
587 2919 730 2971 carmen
756 2897 872 2995 priore
896 2896 985 2971 mihi
1011 2897 1147 2971 videtur
1164 2898 1272 2972 subii*

204 3016 316 3107 mins,
341 3015 434 3112 quod
456 3026 694 3091 nostrosante
720 3016 841 3091 oculos
859 3017 959 3114 ponit
983 3018 1144 3092 homines
1168 3019 1271 3094 variis

205 3137 386 3214 affectibus
413 3149 548 3229 motos,
574 3150 608 3214 et
633 3162 704 3213 non
731 3139 847 3214 solum
876 3151 1047 3230 mortem,
1074 3140 1135 3215 sed
1165 3141 1270 3218 etiam

204 3273 317 3338 morte
328 3262 440 3338 multo
452 3262 731 3339 formidolosiora
745 3264 927 3339 horrentes
940 3263 1129 3364 supplicia,
1144 3287 1269 3364 eaque,

204 3410 275 3462 non
294 3410 312 3461 a
330 3387 424 3483 lege,
442 3410 480 3462 re
498 3388 620 3477 surda,
639 3389 714 3463 sine
732 3388 848 3464 studio
866 3399 901 3463 et
917 3389 985 3479 ira,
999 3389 1060 3465 sed
1074 3390 1162 3465 irato
1177 3414 1195 3464 a
1210 3391 1270 3489 ju·

204 3512 491 3609 diceirroganda.

240 3831 248 3867 ¹
263 3833 346 3888 Hero.
363 3833 474 3900 OEterto,
488 3844 512 3885 v.
529 3834 607 3890 itio.
