2970 5190
700 501 773 578 tlt

313 653 400 718 Quam
414 649 465 706 sub
482 650 623 720 perpetuis
637 654 785 709 tenuemnt
796 647 853 705 lata
867 650 1003 720 tyrannis!

311 743 350 798 En
363 741 487 811 populis,
502 741 548 812 qui
562 755 645 812 regna
657 740 763 811 ferunt,
779 753 842 798 sors
854 741 949 798 ultima
962 748 1056 800 nostra
1070 749 1126 815 est,

312 837 388 902 Quos
401 834 503 892 servire
516 834 601 906 pudet
614 835 629 888 ¹.

252 983 379 1058 Stoicis
397 982 556 1081 placebat
573 982 732 1057 homines
760 982 945 1056 hominum
973 1006 1078 1058 eausa
1105 1008 1183 1061 esse
1209 1011 1274 1061 na·

206 1115 277 1194 tos,
296 1116 329 1178 et
343 1105 428 1179 alios
447 1104 522 1177 aliis
537 1103 691 1201 praebere
708 1124 849 1200 operam
863 1102 1007 1193 debere;
1021 1104 1175 1200 aliquem
1192 1131 1272 1183 vero

114 1298 117 1305 .
204 1226 311 1302 alicui
328 1248 455 1301 nouere
473 1238 532 1301 aut
549 1226 580 1301 ei
598 1226 779 1300 detrahere
797 1225 949 1320 aliquid,
968 1228 1078 1322 magis
1098 1251 1174 1304 esse
1191 1253 1273 1305 con·

205 1355 256 1419 tra
275 1356 437 1419 naturam
462 1345 623 1420 volebant
648 1367 754 1441 quam
779 1345 989 1441 quidquam,
1007 1346 1059 1420 vel
1083 1350 1272 1423 acerbissi-

204 1488 322 1555 mum,
349 1467 577 1563 semetipsum
607 1467 689 1564 pati.
722 1465 974 1540 Existimabam
1005 1467 1099 1541 enim
1132 1469 1312 1567 civilem„

204 1587 394 1683 quamdam
413 1589 576 1661 mortales
592 1587 729 1661 elfioere
747 1585 838 1660 inter
855 1608 891 1659 se
906 1588 1126 1677 societatem,
1146 1591 1184 1663 in
1203 1615 1270 1687 qua

204 1708 262 1781 alii
288 1709 383 1815 aliis,
413 1722 451 1782 ut
477 1710 599 1782 fratres
627 1708 813 1797 iratribus,
838 1709 1003 1806 prodesse
1035 1711 1130 1784 omni
1164 1713 1271 1786 modo

204 1845 431 1923 conarentur,
449 1855 556 1929 quam
574 1832 634 1928 qui
653 1831 850 1919 dirimeret,
869 1832 898 1904 is
917 1855 986 1906 non
1006 1833 1120 1908 solum
1139 1836 1270 1910 seeles-

204 1963 276 2042 tus,
291 1953 352 2027 sod
370 1953 475 2027 etiam
490 1953 621 2051 impius
635 1964 724 2026 esset
739 1952 933 2027 habendus.
947 1954 1032 2028 Inde
1048 1954 1270 2032 admirabilia

202 2073 262 2147 illa
279 2086 449 2172 praecepta
468 2074 511 2148 de
530 2096 648 2149 amore
663 2096 732 2171 quo
745 2076 851 2149 homo
864 2075 998 2148 homini
1018 2079 1191 2152 amandus
1211 2081 1271 2169 sit,

203 2195 333 2291 quibus
351 2196 552 2293 philosophi
569 2196 748 2270 novissimi
763 2195 882 2269 saeculi
898 2196 986 2269 nihil
1005 2198 1195 2274 sublimius
1214 2225 1270 2274 ex-

205 2316 356 2412 cogitare
373 2328 572 2414 potuerunt.
593 2318 687 2403 Quos
705 2319 846 2393 eosdem
864 2341 987 2392 sensus
1007 2320 1173 2395 Lucanus
1200 2346 1269 2397 non

205 2439 314 2513 semel
332 2440 474 2514 tentavit
489 2440 662 2531 versibuS,
677 2441 790 2538 iisque
807 2442 970 2538 egregiis
989 2444 1204 2541 exprimere:

311 2615 390 2674 Nune
405 2615 485 2684 ades,
498 2619 601 2672 aeterno
618 2617 804 2686 complectens
818 2617 909 2673 omnia
923 2632 1008 2689 nexu,

309 2713 333 2768 0
347 2725 452 2782 rerum,
463 2713 595 2783 mixtique
609 2714 698 2785 salus,
713 2714 878 2786 eoncordia,
892 2715 999 2784 mundi,

310 2807 343 2863 Et
354 2823 440 2864 saoer
452 2806 530 2863 orbt's
542 2824 628 2864 aanor
640 2807 666 2864 Ἰ

255 2947 349 3023 Alias
368 2948 534 3024 Catonem
552 2950 688 3024 inducit
702 2951 846 3025 viridius
864 2952 1057 3026 dicentem:

310 3123 364 3175 Hie
377 3120 507 3176 redimat
518 3126 640 3192 sanquis
652 3121 787 3193 populos;
800 3122 851 3178 hae
865 3122 939 3180 oaede
953 3124 1044 3180 luatur

311 3219 449 3290 Quidquid
465 3221 571 3276 romani
584 3224 743 3277 meruerunt
756 3219 874 3290 pendere
888 3234 979 3290 mores
989 3219 1005 3274 ³.

255 3355 352 3448 Mox,
372 3368 451 3455 post
467 3358 585 3447 istam,
604 3381 709 3455 quam
727 3357 916 3455 saepissime
934 3356 1139 3445 detestatur,
1158 3357 1270 3430 Phar-

207 3479 350 3553 salicam
370 3479 519 3568 eaedem,
537 3480 663 3577 impios
681 3478 825 3553 Caesaris
843 3478 971 3552 milites
988 3478 1023 3551 in
1042 3478 1189 3551 fratrum
1210 3491 1271 3551 aut

206 3613 393 3698 parentum
411 3604 609 3678 occisorum
625 3603 708 3679 toris
726 3612 868 3693 stratos,
886 3612 1037 3699 agrestes
1058 3602 1218 3676 homines
1236 3613 1271 3674 et

207 3726 356 3802 rusticos
374 3726 554 3824 splendida
580 3727 780 3825 principum
798 3725 943 3801 civitatis
968 3724 1097 3800 oubilia
1114 3724 1269 3821 corpori-

243 4028 250 4055 ¹
267 4027 381 4095 Phara,
395 4028 414 4083 l.
430 4029 476 4086 vll
483 4072 489 4099 ,
503 4044 528 4086 t.
543 4032 603 4087 434.
655 4073 663 4080 .

242 4119 251 4150 ²
266 4122 380 4192 Phora,
393 4122 412 4178 l.
425 4124 469 4195 lv,
482 4139 508 4180 v.
521 4129 581 4181 l89.

239 4215 373 4290 ‘Pdors.‚
387 4219 404 4275 l.
420 4219 458 4290 ΙΙ,
472 4235 496 4276 v.
513 4225 573 4279 ³l2.
