2970 5190
280 514 300 554 0
716 483 889 586 aa,

206 631 316 704 finem
337 629 465 726 dirigit.
489 628 573 715 Quis
599 631 734 729 estqui
759 653 831 705 non
857 632 1004 706 fateatur
1029 632 1273 725 Bossuetium,

206 750 301 825 verbi
330 749 460 846 gratia,
492 771 675 846 nunquam
704 732 887 847 exsurgere
914 751 1018 825 altius
1048 775 1154 848 quarn
1190 775 1273 828 cum

205 873 319 947 Deum
345 872 414 955 alto
429 894 448 945 e
466 871 554 946 coelo
572 894 763 968 regnorum
782 872 941 947 omnium
959 873 1114 948 habenas
1133 883 1272 967 tenere,

207 992 371 1067 ellectum
394 1013 569 1088 quemque
586 992 624 1064 in
639 1015 743 1066 causa
762 993 866 1066 etiam
884 994 1118 1069 remotissima
1140 995 1273 1088 videre,

207 1123 241 1188 et
266 1111 494 1186 consiliorum
523 1112 664 1208 longam
682 1113 808 1186 seriem
831 1112 928 1188 lactis
948 1114 1102 1210 quotidie
1119 1114 1273 1192 evolvere

207 1234 396 1335 praedicat?
409 1233 497 1308 Cum
516 1233 611 1309 enirn
628 1235 854 1332 pulchritudo
868 1235 1017 1334 alicujus
1030 1237 1080 1313 rei
1094 1237 1130 1310 in
1145 1262 1273 1337 magna

206 1367 375 1456 potestate
393 1358 617 1456 perlectoque
642 1357 764 1433 ordine
782 1358 958 1456 praecipue
985 1360 1096 1458 posita
1123 1361 1184 1453 sit,
1201 1362 1273 1436 Deo

206 1481 405 1556 universam
423 1482 516 1555 hanc
534 1481 665 1555 molem
689 1480 720 1552 vi
744 1503 807 1554 sua
835 1481 968 1577 regenti
992 1493 1026 1556 et
1049 1505 1170 1559 omnes
1197 1486 1273 1583 ejus
1366 1562 1369 1567 ,

206 1614 323 1701 partes
337 1603 516 1702 sapientiae
533 1603 668 1700 legibus
687 1603 888 1702 subjicienti
906 1626 1084 1680 summam
1102 1628 1176 1681 esse
1194 1607 1274 1704 pul-

207 1726 446 1800 chritudinem
465 1747 607 1800 necesse
625 1735 688 1799 est.

256 1849 397 1948 Aliquid
411 1873 481 1924 non
495 1849 650 1924 multum
665 1847 833 1924 dissimile
851 1849 980 1923 nostris
995 1849 1128 1948 placuit
1140 1849 1273 1943 stoicis,

206 1973 338 2072 quippe
361 1973 421 2070 qui
449 1995 571 2048 omnes
596 1985 705 2048 terras
730 1973 920 2070 gubernari
944 1975 1196 2049 contenderent
1219 1998 1274 2050 ra-

206 2097 302 2173 tione
320 2109 445 2175 cuncta
473 2099 602 2174 tuentis
632 2123 672 2175 ac
701 2099 851 2197 regentis
869 2099 942 2174 Dei.
962 2099 1062 2186 Quod
1088 2099 1117 2174 si
1143 2100 1196 2175 lex
1213 2101 1273 2176 illa

207 2221 439 2296 immutabilis
463 2245 535 2296 non
562 2222 663 2297 lacile
679 2221 851 2297 ¹conuenit
877 2245 960 2297 cum
985 2222 1094 2297 libero
1119 2223 1273 2299 hominis

207 2345 368 2436 arbitrio,
383 2357 416 2420 et
442 2347 553 2421 latum
577 2346 655 2421 ideo
681 2347 746 2420 luit
769 2345 967 2436 nominata,
990 2346 1058 2420 hoc
1086 2355 1203 2419 tamen
1221 2356 1273 2421 est

207 2469 576 2560 animaduertendum,
592 2470 659 2543 tale
678 2469 788 2543 satum
806 2491 1031 2567 nequaquam
1046 2490 1179 2542 caecum
1198 2491 1272 2543 esse

207 2601 242 2666 et
258 2590 442 2689 insipiens
461 2601 496 2666 et
512 2614 638 2689 parurn
665 2592 708 2666 ab
727 2614 783 2681 ea,
802 2614 908 2686 quam
925 2590 1184 2665 Providentiam
1208 2614 1271 2665 no·

207 2711 403 2800 minamuS,
420 2710 569 2785 dilierre.
597 2709 688 2796 Quot
704 2711 800 2785 enim
825 2710 1044 2808 philosophi,
1059 2709 1154 2807 iique
1171 2710 1271 2786 illus-

209 2832 370 2923 trissimi,
398 2832 673 2922 affirmaverunt,
704 2852 774 2904 non
807 2830 924 2905 omnia
954 2831 1047 2905 sicut
1075 2830 1273 2906 collibuerit

210 2977 310 3052 agere
326 2954 458 3044 Deum,
476 2955 538 3030 sed
561 2977 601 3030 ea
620 2964 757 3029 tantum
780 2953 916 3028 efficere
942 2975 1044 3051 posse
1061 2975 1140 3051 quae
1157 2952 1272 3028 existi-

134 3055 139 3063 *
208 3088 281 3151 mat
298 3076 443 3175 optima!

256 3196 428 3271 Caeterum
445 3219 524 3271 uere
543 3219 588 3270 an
606 3218 708 3271 secus
726 3195 769 3271 de
781 3196 850 3271 lato
864 3196 965 3271 stoici
978 3196 1167 3281 senserint,
1182 3195 1271 3270 nihil

207 3319 251 3394 ad
269 3342 333 3394 nos
340 3345 349 3412 ;
368 3320 436 3394 hoc
453 3319 569 3394 solum
584 3328 745 3393 nostrum
764 3330 831 3409 est,
855 3319 884 3392 si
903 3342 970 3416 qua
990 3318 1113 3392 eximie
1131 3318 1273 3392 suerunt

209 3442 252 3517 de
276 3443 345 3517 lato
371 3442 531 3545 uersibus
549 3442 693 3539 scripta,
722 3464 761 3515 ea
786 3442 933 3532 referre,
959 3451 993 3516 et
1015 3422 1272 3517 humanissimo

209 3565 330 3640 lectori
349 3565 606 3641 commendare.
623 3564 723 3654 Haec,
742 3563 778 3638 in
797 3573 921 3660 quarto
939 3563 1053 3661 operis
1070 3562 1177 3651 libro,
1195 3561 1271 3636 Ma-

209 3684 336 3759 nilius:

271 4003 272 4006 Ἴ
314 3940 381 3996 Fata
397 3939 498 4006 regunt
510 3935 617 4007 orbem,
632 3938 707 3992 certa
724 3938 799 3992 stant
812 3934 903 3991 omnia
915 3935 989 4005 lege,

313 4035 459 4105 Longaque
472 4047 522 4104 per
535 4036 629 4088 certos
642 4033 786 4102 signantur
800 4036 923 4102 tempora
935 4045 1045 4088 cursus

314 4128 468 4187 Nascentes
481 4124 625 4195 morimur,
638 4122 755 4194 finisque
768 4122 802 4180 ab
817 4123 922 4192 origine
936 4123 1046 4193 pendet.

314 4220 384 4282 Hinc
397 4224 425 4282 et
437 4232 504 4295 opes
517 4223 544 4276 et
557 4230 640 4289 regua
652 4217 755 4288 tluunt,
769 4219 797 4273 et
812 4217 915 4290 saepius
928 4220 988 4276 orta
