2970 5190
592 503 659 577 lac

143 647 251 723 Poeta
266 667 338 720 non
353 645 488 733 minus,
509 645 580 721 sire
594 647 744 737 famam,
762 646 832 720 sive
849 646 1032 722 historiam
1052 650 1164 745 negli-
1218 716 1223 723 .

95 769 147 868 git
160 780 195 846 et
211 767 437 866 dedignatur,
449 790 560 865 quum
577 769 679 844 nobis
694 768 847 844 ostendit
857 769 1027 862 Troadas,
1044 772 1112 846 alia
1127 773 1164 846 in

97 890 236 980 sabula,
252 899 424 978 mortem,
442 897 482 962 ut
495 886 673 963 malorum
689 889 820 980 finem,
837 889 935 964 avida
954 912 1016 988 spe
1033 914 1165 988 praesu-

99 1024 237 1089 mentes
252 1038 261 1086 ε

193 1206 280 1265 -lleul
296 1219 378 1278 quam
390 1205 470 1263 dulce
484 1205 585 1264 malum
599 1206 763 1265 mortalibus
777 1207 914 1280 additum,

210 1304 278 1362 Vitae
290 1303 368 1360 dirus
381 1316 466 1375 amor,
479 1316 542 1359 cum
556 1307 648 1373 puteat
662 1303 741 1360 malis

210 1397 360 1468 effugium,
374 1401 404 1452 et
414 1396 532 1452 miseros
545 1395 633 1452 libera
643 1409 720 1454 mors
735 1402 832 1467 vocet,

150 1523 159 1538 ·
211 1492 312 1548 Portus
322 1495 427 1549 aterna
438 1488 564 1560 placidus
577 1488 699 1560 quicte¹t

154 1660 231 1736 Tali
244 1661 313 1734 hoc
330 1681 436 1734 sensu
455 1681 539 1732 sane
559 1657 803 1733 alliciebantur
820 1657 897 1734 Indi
915 1659 995 1755 qui,
1019 1660 1173 1759 cooperti

106 1780 278 1871 miseriis,
300 1780 402 1854 illum
421 1800 527 1876 quem
553 1777 776 1876 appellabant
796 1776 1008 1868 Niruuuum,
1029 1779 1116 1855 votis
1141 1791 1176 1854 et

106 1904 272 2003 precibus
292 1904 473 2002 petebant,
493 1912 527 1978 et
544 1887 644 1977 stoici
662 1902 799 1977 romani
816 1902 877 1999 qui
896 1903 1060 1977 amissam
1078 1901 1192 1998 luge-'

108 2029 196 2104 hant
221 2028 419 2103 libertatem
441 2036 475 2102 et
499 2048 640 2101 omnem
664 2026 794 2102 bonam
821 2037 931 2101 artem
957 2028 993 2101 in
1016 2026 1177 2103 exsilium

110 2161 245 2240 actam,
263 2173 328 2226 nec
346 2149 539 2247 quidquam
561 2149 655 2245 quod
674 2148 757 2248 ipsis
777 2148 923 2245 dignum
942 2151 1031 2225 soret
1049 2151 1086 2224 in
1109 2149 1178 2226 vita

109 2274 285 2350 uidebant.
308 2273 377 2349 Sed
401 2254 562 2346 homines
589 2294 812 2369 nequaquam
836 2273 994 2371 Trojanis
1015 2272 1179 2372 tempori-

110 2398 241 2473 busita
256 2395 425 2483 sensisse,
441 2394 557 2492 ipsum
573 2393 768 2468 Homerum
779 2404 902 2469 testem
916 2394 1099 2484 habemus,
1117 2394 1179 2491 qui

111 2520 285 2596 Achillem
310 2530 492 2596 mortuum
507 2519 665 2618 depingit
682 2530 754 2594 tam
773 2521 969 2596 vehementi
989 2520 1066 2596 vitae
1088 2521 1180 2596 desi-

113 2640 210 2716 derio
224 2640 452 2716 laborantem.

164 2763 262 2838 Idem
280 2772 374 2838 certe
392 2761 581 2836 dicendum
599 2770 653 2835 est
670 2760 713 2834 de
736 2759 794 2834 illa
814 2761 888 2858 jam
903 2760 1131 2835 celeberrima
1146 2773 1180 2837 et

113 2883 217 2982 plane
230 2882 337 2957 stoica
351 2905 469 2971 scena,
484 2881 520 2955 iu
536 2903 604 2978 qua
620 2879 768 2978 OEdipus
787 2890 821 2956 et
831 2879 1004 2977 Antigone
1018 2892 1181 2978 quaeruut

113 3011 237 3076 utrum
264 3012 424 3076 nostrum
451 3000 694 3098 unusquisque
724 3001 780 3074 sui
805 3000 915 3098 ipsius
938 3000 1028 3098 juris
1057 3000 1120 3091 sit,
1147 3012 1182 3075 et

115 3127 247 3224 possit,
270 3125 363 3199 salvo
386 3124 517 3212 officio,
543 3123 608 3198 sibi
635 3122 852 3198 consciscere
870 3133 1040 3214 mortem,
1058 3145 1179 3199 necne.

115 3245 277 3320 Profecto
298 3245 459 3320 homines
485 3243 603 3340 quiin
625 3243 748 3340 primis
773 3243 895 3318 mundi
918 3242 1077 3319 aetatibus
1095 3243 1184 3316 vixe-

118 3376 217 3457 runt,
235 3376 270 3440 et
292 3367 353 3463 qui
374 3388 481 3441 sensu
502 3363 614 3461 magis
635 3363 821 3439 valuerunt
840 3387 947 3462 quam
966 3365 1116 3454 ratione,
1144 3375 1185 3438 ut

116 3510 172 3563 res
198 3497 357 3578 caeteras,
385 3487 436 3562 sic
457 3487 570 3584 ipsam
596 3496 767 3578 mortem,
792 3509 884 3562 caeco
911 3488 1045 3583 impetu
1068 3486 1184 3583 potius

117 3632 225 3706 quam
245 3609 390 3685 consilio
409 3609 563 3716 obibant.
584 3609 777 3705 Postquam
797 3619 914 3684 autem
940 3608 1095 3683 humana
1110 3608 1185 3705 jam

119 3733 324 3808 adolevisset
348 3733 577 3830 intelligentia
602 3743 638 3811 et
661 3755 715 3808 res
739 3755 861 3808 omues
886 3730 1134 3808 examinandas
1152 3741 1187 3804 et

120 3855 365 3952 ponderandas
384 3855 451 3931 sibi
469 3857 693 3954 sumpsisset,
712 3878 806 3931 mors
824 3853 1037 3943 voluntaria,
1056 3876 1133 3943 reS,
1157 3851 1186 3926 si

123 3999 194 4074 qua
210 3977 277 4061 luit
295 4001 472 4076 unquam,
494 3977 666 4076 capitalis,
686 3978 723 4051 iu
742 3977 1032 4075 disceptationem
1048 3996 1187 4073 quoque

164 4226 238 4286 'Sen
267 4231 385 4300 Apum,
400 4242 424 4287 u
441 4229 502 4286 5792
