2970 5190
616 513 663 584 39

109 654 268 729 exsilium
298 655 393 730 auur
427 656 514 742 oua
542 635 721 733 Helonius
750 670 784 734 a
811 659 981 735 chesas
1009 660 1052 735 ab
1079 661 1171 737 nru-

108 777 187 852 leno
206 788 241 853 et
258 777 451 854 Senecione
478 780 514 853 in
539 781 676 880 scriptis
699 781 866 858 dilaudati
889 784 1045 875 lucrant,
1068 795 1171 860 uteo

108 900 160 973 vel
187 902 261 974 solo
289 903 514 978 manifestum
537 906 581 979 sit
603 906 694 981 inter
714 908 899 1004 magistros
922 918 957 982 et
981 908 1172 1007 discipulos

110 1043 251 1095 causam
278 1023 384 1096 luisse
408 1024 553 1099 omnino
584 1036 821 1102 communem.
854 1028 990 1125 ltaque,
1016 1037 1067 1102 tot
1094 1040 1173 1126 post

108 1142 252 1231 saecula,
276 1144 396 1218 nescio
416 1166 486 1241 quo
505 1145 596 1219 inter
619 1147 704 1220 tales
728 1148 818 1221 viros
837 1146 1040 1222 discrimine
1063 1150 1171 1240 sacto,

108 1263 171 1336 hos
189 1263 350 1354 laudare,
369 1264 447 1338 illos
465 1265 662 1370 vituperare
683 1289 754 1340 non
773 1267 861 1340 mihi
884 1269 1018 1363 aequius
1036 1268 1172 1345 videtur

110 1409 216 1484 quam
234 1386 263 1461 si
281 1387 376 1484 quis,
395 1388 594 1463 christianae
611 1388 789 1485 religionis
814 1399 983 1487 martyres
1006 1390 1175 1466 orationi-

110 1509 176 1583 bus
194 1509 379 1601 extollens,
397 1511 574 1608 religionis
602 1512 761 1611 ejusdem
786 1511 946 1587 doctores
973 1514 1087 1589 verbis
1113 1513 1174 1589 de·
1226 1572 1231 1583 .

110 1629 261 1724 primere
278 1630 369 1704 velit.
802 1614 806 1619 ¹

157 1751 245 1826 Cum
265 1764 383 1829 noster
400 1753 558 1851 egregius
578 1754 728 1852 scriptor
753 1754 926 1852 posuerit,
952 1755 1080 1831 stoicos
1098 1778 1174 1831 esse

110 1877 253 1968 stultos,
271 1878 315 1953 ad
338 1879 456 1953 inania
486 1880 550 1954 sibi
579 1880 742 1977 fingenda
769 1901 919 1977 prome,
937 1892 971 1954 et
995 1880 1083 1954 nihil
1101 1881 1175 1979 ple-

108 2022 258 2096 rumque
276 2001 445 2097 aucupari
462 2001 530 2074 nisi
555 1999 660 2076 verba
677 2013 712 2076 et
734 2022 852 2092 voces,
878 2023 950 2075 non
973 2012 1027 2076 est
1042 2002 1174 2078 mirum

108 2121 137 2195 si
152 2145 193 2196 ex
217 2122 271 2196 his
290 2122 455 2197 omnibus
474 2123 703 2212 concluserit,
725 2122 835 2199 Persii
863 2122 1047 2220 ingenium
1065 2124 1109 2198 ab
1132 2123 1174 2199 iis

108 2242 214 2316 luisse
237 2243 463 2340 depravatum
484 2252 737 2340 corruptasque
752 2265 915 2317 romanas
935 2243 1076 2317 litteras.
1100 2243 1175 2339 Ego

107 2388 187 2440 vero
200 2366 365 2465 praeclara
379 2390 398 2441 e
413 2365 561 2440 Zenonis
576 2365 693 2440 schola
710 2375 885 2440 nec-tanta
898 2365 990 2440 mala
1003 2388 1080 2440 esse
1092 2388 1174 2464 pro·

109 2489 212 2578 lecta,
230 2511 295 2564 nec
308 2487 481 2587 proficisci
500 2488 655 2586 potuisse
673 2488 842 2563 existimo.

158 2611 272 2686 Stoica
298 2611 534 2699 institutione,
560 2609 654 2683 velut
669 2609 748 2684 labe
776 2610 912 2707 aliqua,
932 2609 1037 2683 latina
1056 2611 1172 2708 poesis

109 2729 196 2803 mibi
225 2739 319 2804 certo
347 2729 504 2804 laborare
532 2727 727 2816 videretur,
759 2726 788 2801 si
813 2726 925 2801 Persii
951 2726 1173 2825 aliorumque

109 2851 384 2926 stoicissantium
401 2860 586 2948 poetarum
604 2848 787 2946 ingenium
805 2861 881 2923 tum
898 2849 1086 2925 sublimius
1105 2851 1175 2926 ela-

108 2981 185 3045 tum
203 2971 342 3062 fuisset,
369 2993 452 3044 curn
481 2993 521 3043 ex
546 2967 650 3043 arctis
675 2969 780 3068 hujus
805 2967 999 3067 disciplinae
1025 2969 1174 3046 vinculis

109 3097 208 3194 quasi
224 3095 439 3187 evolavisset3
458 3096 519 3170 sed
534 3094 570 3168 id
585 3105 705 3169 contra
719 3095 832 3170 evenit
846 3095 965 3170 nescio
980 3096 1174 3192 quomode,
1286 3093 1291 3105 '

107 3231 148 3294 ut
165 3230 296 3317 quanto
321 3220 432 3314 magis
448 3217 586 3314 ingenia
604 3216 832 3316 implicantur
849 3215 1072 3312 dogmatibus
1091 3217 1173 3292 stoi-

110 3367 252 3434 corum,
269 3355 366 3418 tanto
385 3343 530 3418 feliciori
555 3344 719 3418 alllentur
744 3343 879 3439 spiritu.
903 3341 988 3428 Quis
1011 3353 1064 3416 est
1079 3343 1184 3418 enim>

110 3471 170 3569 qui
189 3491 260 3544 non
276 3470 440 3558 fateatur,
466 3491 536 3542 non
560 3468 677 3542 solum'
700 3468 827 3558 Persii,
852 3467 912 3542 sed
929 3467 1085 3557 Senecae,
1103 3468 1175 3542 Lu·

110 3596 188 3670 cani
206 3605 240 3668 et
255 3594 388 3668 Manilii
405 3617 524 3668 versus
542 3616 617 3668 esse
641 3594 781 3668 eosdem
808 3603 842 3666 et
862 3591 1120 3690 pulcherrimos
1142 3602 1176 3664 et

109 3716 261 3790 maxime
287 3715 438 3789 stoicos?
461 3714 534 3789 Nec
563 3724 601 3787 ut
627 3736 682 3786 res
707 3712 807 3786 aliter
832 3734 907 3786 sese
934 3711 1078 3784 haberet
1102 3710 1175 3785 ullo

109 3839 213 3913 modo
240 3837 315 3910 fieri
344 3837 475 3934 potuit,
501 3835 787 3933 quandoquidem
815 3833 852 3907 hi
877 3843 987 3931 poetae
1016 3832 1174 3928 germani
1210 3818 1213 3823 ⁸

109 3969 208 4036 erant
225 3957 344 4048 stoici,
367 3967 401 4032 et
429 3980 470 4033 eo
500 3957 656 4032 viridiori
687 3957 913 4055 rapiebantur
938 3956 1086 4053 impetu,
1106 3977 1175 4052 quo

111 4084 178 4158 sibi
203 4083 353 4158 cariores
376 4080 617 4180 exprimebant
634 4102 769 4155 sensus.
798 4079 834 4154 Si
852 4078 1176 4153 hominum-mores

112 4207 232 4286 minus
259 4204 406 4283 feliciter
432 4203 710 4306 descripserunt,
739 4204 807 4282 hoc
832 4203 954 4281 saltem
982 4201 1091 4280 nobili
1118 4201 1178 4280 de·
