<?xml version="1.0" encoding="UTF-8"?>
<!DOCTYPE html PUBLIC "-//W3C//DTD XHTML 1.0 Transitional//EN"
    "http://www.w3.org/TR/xhtml1/DTD/xhtml1-transitional.dtd">
<html xmlns="http://www.w3.org/1999/xhtml" xml:lang="en" lang="en">
 <head>
  <title>
</title>
<meta http-equiv="Content-Type" content="text/html;charset=utf-8" />
  <meta name='ocr-system' content='tesseract 3.04.00' />
  <meta name='ocr-capabilities' content='ocr_page ocr_carea ocr_par ocr_line ocrx_word'/>
</head>
<body>
  <div class='ocr_page' id='page_1' title='image "./destoicadiscipl00ferrgoog_0071.png"; bbox 0 0 2970 5190; ppageno 0'>
   <div class='ocr_carea' id='block_1_1' title="bbox 625 470 705 543">
    <p class='ocr_par' dir='ltr' id='par_1_1' title="bbox 625 470 705 543">
     <span class='ocr_line' id='line_1_1' title="bbox 625 470 705 543; baseline 0.15 -12"><span class='ocrx_word' id='word_1_1' title='bbox 625 470 705 543; x_wconf 70' lang='lat'>..58</span> 
     </span>
    </p>
   </div>
   <div class='ocr_carea' id='block_1_2' title="bbox 63 613 1234 4259">
    <p class='ocr_par' dir='ltr' id='par_1_2' title="bbox 145 613 1234 3637">
     <span class='ocr_line' id='line_1_2' title="bbox 150 613 1234 719; baseline -0.003 -27"><span class='ocrx_word' id='word_1_2' title='bbox 150 620 250 719; x_wconf 86' lang='lat' dir='ltr'><strong>plane</strong></span> <span class='ocrx_word' id='word_1_3' title='bbox 278 641 386 694; x_wconf 90' lang='lat' dir='ltr'><strong>sanus</strong></span> <span class='ocrx_word' id='word_1_4' title='bbox 415 628 448 691; x_wconf 92' lang='lat' dir='ltr'><strong>et</strong></span> <span class='ocrx_word' id='word_1_5' title='bbox 479 615 700 689; x_wconf 78' lang='lat' dir='ltr'><strong>mediocriter</strong></span> <span class='ocrx_word' id='word_1_6' title='bbox 727 615 887 701; x_wconf 89' lang='lat' dir='ltr'><strong>eruditus</strong></span> <span class='ocrx_word' id='word_1_7' title='bbox 919 643 996 694; x_wconf 92' lang='lat' dir='ltr'><strong>rem</strong></span> <span class='ocrx_word' id='word_1_8' title='bbox 1026 613 1119 700; x_wconf 88' lang='lat' dir='ltr'><strong>tanti</strong></span> <span class='ocrx_word' id='word_1_9' title='bbox 1147 652 1234 706; x_wconf 90' lang='lat' dir='ltr'><strong>mo.</strong></span> 
     </span>
     <span class='ocr_line' id='line_1_3' title="bbox 148 735 1232 835; baseline 0.015 -23"><span class='ocrx_word' id='word_1_10' title='bbox 148 739 272 829; x_wconf 87' lang='lat' dir='ltr'><strong>menti,</strong></span> <span class='ocrx_word' id='word_1_11' title='bbox 290 750 324 813; x_wconf 90' lang='lat' dir='ltr'><strong>et</strong></span> <span class='ocrx_word' id='word_1_12' title='bbox 341 760 420 835; x_wconf 89' lang='lat' dir='ltr'><strong>quae</strong></span> <span class='ocrx_word' id='word_1_13' title='bbox 435 735 478 810; x_wconf 88' lang='lat' dir='ltr'><strong>ad</strong></span> <span class='ocrx_word' id='word_1_14' title='bbox 492 736 606 834; x_wconf 92' lang='lat' dir='ltr'><strong>ipsum</strong></span> <span class='ocrx_word' id='word_1_15' title='bbox 623 745 693 807; x_wconf 88' lang='lat' dir='ltr'><strong>tam</strong></span> <span class='ocrx_word' id='word_1_16' title='bbox 710 739 982 833; x_wconf 87' lang='lat' dir='ltr'><strong>propcaccedit,</strong></span> <span class='ocrx_word' id='word_1_17' title='bbox 999 767 1073 818; x_wconf 92' lang='lat' dir='ltr'><strong>non</strong></span> <span class='ocrx_word' id='word_1_18' title='bbox 1094 755 1232 828; x_wconf 89' lang='lat' dir='ltr'><strong>exami-</strong></span> 
     </span>
     <span class='ocr_line' id='line_1_4' title="bbox 149 855 1232 968; baseline 0.015 -38"><span class='ocrx_word' id='word_1_19' title='bbox 149 869 283 949; x_wconf 85' lang='lat' dir='ltr'><strong>natam,</strong></span> <span class='ocrx_word' id='word_1_20' title='bbox 301 882 365 933; x_wconf 89' lang='lat' dir='ltr'><strong>nec</strong></span> <span class='ocrx_word' id='word_1_21' title='bbox 384 856 611 955; x_wconf 79' lang='lat' dir='ltr'>ponderatam</span> <span class='ocrx_word' id='word_1_22' title='bbox 628 865 741 953; x_wconf 90' lang='lat' dir='ltr'><strong>potest</strong></span> <span class='ocrx_word' id='word_1_23' title='bbox 759 855 968 954; x_wconf 85' lang='lat' dir='ltr'><strong>relinquere.</strong></span> <span class='ocrx_word' id='word_1_24' title='bbox 988 861 1036 937; x_wconf 91' lang='lat' dir='ltr'><strong>lis</strong></span> <span class='ocrx_word' id='word_1_25' title='bbox 1053 875 1232 968; x_wconf 90' lang='lat' dir='ltr'><strong>tempori-</strong></span> 
     </span>
     <span class='ocr_line' id='line_1_5' title="bbox 148 975 1228 1080; baseline 0.001 -25"><span class='ocrx_word' id='word_1_26' title='bbox 148 980 216 1055; x_wconf 91' lang='lat' dir='ltr'><strong>bus</strong></span> <span class='ocrx_word' id='word_1_27' title='bbox 226 981 353 1077; x_wconf 92' lang='lat' dir='ltr'><strong>quibus</strong></span> <span class='ocrx_word' id='word_1_28' title='bbox 366 977 514 1051; x_wconf 83' lang='lat' dir='ltr'><strong>maxime</strong></span> <span class='ocrx_word' id='word_1_29' title='bbox 528 976 617 1071; x_wconf 84' lang='lat' dir='ltr'><strong>viget</strong></span> <span class='ocrx_word' id='word_1_30' title='bbox 627 975 773 1050; x_wconf 92' lang='lat' dir='ltr'><strong>deorum</strong></span> <span class='ocrx_word' id='word_1_31' title='bbox 789 977 922 1068; x_wconf 59' lang='lat' dir='ltr'><strong>cultus</strong></span> <span class='ocrx_word' id='word_1_32' title='bbox 936 982 1109 1080; x_wconf 88' lang='lat' dir='ltr'><strong>quisque,</strong></span> <span class='ocrx_word' id='word_1_33' title='bbox 1125 1003 1228 1066; x_wconf 75' lang='lat' dir='ltr'><strong>ratus</strong></span> 
     </span>
     <span class='ocr_line' id='line_1_6' title="bbox 150 1101 1228 1200; baseline 0.011 -22"><span class='ocrx_word' id='word_1_34' title='bbox 150 1104 294 1178; x_wconf 89' lang='lat' dir='ltr'><strong>alteram</strong></span> <span class='ocrx_word' id='word_1_35' title='bbox 312 1112 390 1200; x_wconf 91' lang='lat' dir='ltr'><strong>post</strong></span> <span class='ocrx_word' id='word_1_36' title='bbox 408 1103 499 1174; x_wconf 89' lang='lat' dir='ltr'><strong>banc</strong></span> <span class='ocrx_word' id='word_1_37' title='bbox 513 1101 584 1173; x_wconf 90' lang='lat' dir='ltr'><strong>lore</strong></span> <span class='ocrx_word' id='word_1_38' title='bbox 602 1101 723 1189; x_wconf 87' lang='lat' dir='ltr'><strong>vitam,</strong></span> <span class='ocrx_word' id='word_1_39' title='bbox 739 1101 851 1196; x_wconf 86' lang='lat' dir='ltr'><strong>qualis</strong></span> <span class='ocrx_word' id='word_1_40' title='bbox 866 1102 927 1176; x_wconf 90' lang='lat' dir='ltr'><strong>illa</strong></span> <span class='ocrx_word' id='word_1_41' title='bbox 944 1106 1063 1182; x_wconf 84' lang='lat' dir='ltr'><strong>lutura</strong></span> <span class='ocrx_word' id='word_1_42' title='bbox 1083 1111 1132 1184; x_wconf 93' lang='lat' dir='ltr'><strong>sit</strong></span> <span class='ocrx_word' id='word_1_43' title='bbox 1155 1116 1228 1192; x_wconf 86' lang='lat' dir='ltr'><strong>vita</strong></span> 
     </span>
     <span class='ocr_line' id='line_1_7' title="bbox 149 1217 1230 1322; baseline 0.015 -26"><span class='ocrx_word' id='word_1_44' title='bbox 149 1223 371 1322; x_wconf 90' lang='lat' dir='ltr'><strong>potissimum</strong></span> <span class='ocrx_word' id='word_1_45' title='bbox 389 1220 478 1294; x_wconf 90' lang='lat' dir='ltr'><strong>scire</strong></span> <span class='ocrx_word' id='word_1_46' title='bbox 497 1219 602 1317; x_wconf 86' lang='lat' dir='ltr'><strong>cupit.</strong></span> <span class='ocrx_word' id='word_1_47' title='bbox 618 1217 703 1293; x_wconf 93' lang='lat' dir='ltr'><strong>lnde</strong></span> <span class='ocrx_word' id='word_1_48' title='bbox 718 1242 797 1315; x_wconf 86' lang='lat' dir='ltr'><strong>quae</strong></span> <span class='ocrx_word' id='word_1_49' title='bbox 811 1231 887 1295; x_wconf 90' lang='lat' dir='ltr'><strong>tum</strong></span> <span class='ocrx_word' id='word_1_50' title='bbox 902 1223 946 1297; x_wconf 92' lang='lat' dir='ltr'><strong>de</strong></span> <span class='ocrx_word' id='word_1_51' title='bbox 964 1228 1176 1308; x_wconf 87' lang='lat' dir='ltr'><strong>coelestibus</strong></span> <span class='ocrx_word' id='word_1_52' title='bbox 1193 1252 1230 1312; x_wconf 91' lang='lat' dir='ltr'><strong>et</strong></span> 
     </span>
     <span class='ocr_line' id='line_1_8' title="bbox 149 1343 1228 1446; baseline 0.014 -27"><span class='ocrx_word' id='word_1_53' title='bbox 149 1347 268 1421; x_wconf 87' lang='lat' dir='ltr'><strong>inseris</strong></span> <span class='ocrx_word' id='word_1_54' title='bbox 286 1346 427 1420; x_wconf 90' lang='lat' dir='ltr'><strong>sedibus</strong></span> <span class='ocrx_word' id='word_1_55' title='bbox 449 1356 567 1418; x_wconf 88' lang='lat' dir='ltr'><strong>sunta</strong></span> <span class='ocrx_word' id='word_1_56' title='bbox 586 1343 697 1440; x_wconf 91' lang='lat' dir='ltr'><strong>poetis</strong></span> <span class='ocrx_word' id='word_1_57' title='bbox 716 1344 839 1419; x_wconf 83' lang='lat' dir='ltr'><strong>eximie</strong></span> <span class='ocrx_word' id='word_1_58' title='bbox 857 1348 999 1446; x_wconf 91' lang='lat' dir='ltr'><strong>scripta.</strong></span> <span class='ocrx_word' id='word_1_59' title='bbox 1022 1351 1117 1444; x_wconf 85' lang='lat' dir='ltr'><strong>Sed,</strong></span> <span class='ocrx_word' id='word_1_60' title='bbox 1137 1380 1228 1434; x_wconf 90' lang='lat' dir='ltr'><strong>cum</strong></span> 
     </span>
     <span class='ocr_line' id='line_1_9' title="bbox 145 1468 1229 1571; baseline 0.012 -26"><span class='ocrx_word' id='word_1_61' title='bbox 145 1472 217 1571; x_wconf 90' lang='lat' dir='ltr'><strong>jam</strong></span> <span class='ocrx_word' id='word_1_62' title='bbox 236 1471 462 1567; x_wconf 83' lang='lat' dir='ltr'><strong>religionibus</strong></span> <span class='ocrx_word' id='word_1_63' title='bbox 478 1469 593 1543; x_wconf 88' lang='lat' dir='ltr'><strong>minor</strong></span> <span class='ocrx_word' id='word_1_64' title='bbox 611 1469 797 1543; x_wconf 80' lang='lat' dir='ltr'><strong>adhibetur</strong></span> <span class='ocrx_word' id='word_1_65' title='bbox 815 1471 919 1562; x_wconf 88' lang='lat' dir='ltr'><strong>fides,</strong></span> <span class='ocrx_word' id='word_1_66' title='bbox 937 1486 971 1547; x_wconf 92' lang='lat' dir='ltr'><strong>et</strong></span> <span class='ocrx_word' id='word_1_67' title='bbox 987 1468 1078 1551; x_wconf 86' lang='lat' dir='ltr'><strong>nihil</strong></span> <span class='ocrx_word' id='word_1_68' title='bbox 1098 1504 1229 1558; x_wconf 88' lang='lat' dir='ltr'><strong>verum</strong></span> 
     </span>
     <span class='ocr_line' id='line_1_10' title="bbox 150 1588 1228 1694; baseline 0.011 -25"><span class='ocrx_word' id='word_1_69' title='bbox 150 1595 291 1669; x_wconf 83' lang='lat' dir='ltr'><strong>ducitur</strong></span> <span class='ocrx_word' id='word_1_70' title='bbox 305 1593 371 1667; x_wconf 92' lang='lat' dir='ltr'><strong>nisi</strong></span> <span class='ocrx_word' id='word_1_71' title='bbox 389 1591 599 1665; x_wconf 86' lang='lat' dir='ltr'><strong>firmissimis</strong></span> <span class='ocrx_word' id='word_1_72' title='bbox 617 1591 805 1667; x_wconf 87' lang='lat' dir='ltr'><strong>subnixum</strong></span> <span class='ocrx_word' id='word_1_73' title='bbox 821 1595 866 1667; x_wconf 92' lang='lat' dir='ltr'><strong>sit</strong></span> <span class='ocrx_word' id='word_1_74' title='bbox 885 1600 1125 1694; x_wconf 83' lang='lat' dir='ltr'><strong>argumentis,</strong></span> <span class='ocrx_word' id='word_1_75' title='bbox 1147 1588 1228 1682; x_wconf 84' lang='lat' dir='ltr'><strong>tum</strong></span> 
     </span>
     <span class='ocr_line' id='line_1_11' title="bbox 149 1712 1226 1816; baseline 0.01 -28"><span class='ocrx_word' id='word_1_76' title='bbox 149 1715 328 1803; x_wconf 92' lang='lat' dir='ltr'><strong>homines,</strong></span> <span class='ocrx_word' id='word_1_77' title='bbox 352 1735 413 1787; x_wconf 89' lang='lat' dir='ltr'><strong>sua</strong></span> <span class='ocrx_word' id='word_1_78' title='bbox 441 1721 520 1808; x_wconf 91' lang='lat' dir='ltr'><strong>post</strong></span> <span class='ocrx_word' id='word_1_79' title='bbox 544 1721 693 1785; x_wconf 91' lang='lat' dir='ltr'><strong>mortem</strong></span> <span class='ocrx_word' id='word_1_80' title='bbox 710 1712 927 1806; x_wconf 91' lang='lat' dir='ltr'><strong>conditione,</strong></span> <span class='ocrx_word' id='word_1_81' title='bbox 945 1726 986 1790; x_wconf 94' lang='lat' dir='ltr'><strong>ut</strong></span> <span class='ocrx_word' id='word_1_82' title='bbox 1003 1741 1136 1816; x_wconf 88' lang='lat' dir='ltr'><strong>parum</strong></span> <span class='ocrx_word' id='word_1_83' title='bbox 1155 1726 1226 1799; x_wconf 84' lang='lat' dir='ltr'><strong>sci-</strong></span> 
     </span>
     <span class='ocr_line' id='line_1_12' title="bbox 151 1835 1226 1944; baseline 0.009 -30"><span class='ocrx_word' id='word_1_84' title='bbox 151 1839 230 1930; x_wconf 90' lang='lat' dir='ltr'><strong>bili,</strong></span> <span class='ocrx_word' id='word_1_85' title='bbox 246 1840 420 1936; x_wconf 84' lang='lat' dir='ltr'><strong>neglecta,</strong></span> <span class='ocrx_word' id='word_1_86' title='bbox 439 1848 558 1910; x_wconf 90' lang='lat' dir='ltr'><strong>utrum</strong></span> <span class='ocrx_word' id='word_1_87' title='bbox 582 1835 776 1933; x_wconf 90' lang='lat' dir='ltr'><strong>quidquam</strong></span> <span class='ocrx_word' id='word_1_88' title='bbox 795 1839 934 1935; x_wconf 79' lang='lat' dir='ltr'><strong>corpori</strong></span> <span class='ocrx_word' id='word_1_89' title='bbox 957 1864 1037 1916; x_wconf 87' lang='lat' dir='ltr'><strong>vere</strong></span> <span class='ocrx_word' id='word_1_90' title='bbox 1064 1851 1226 1944; x_wconf 77' lang='lat' dir='ltr'><strong>supersit</strong></span> 
     </span>
     <span class='ocr_line' id='line_1_13' title="bbox 151 1959 1227 2047; baseline 0.009 -10"><span class='ocrx_word' id='word_1_91' title='bbox 151 1985 263 2037; x_wconf 91' lang='lat' dir='ltr'><strong>necne</strong></span> <span class='ocrx_word' id='word_1_92' title='bbox 289 1973 427 2035; x_wconf 90' lang='lat' dir='ltr'><strong>tantum</strong></span> <span class='ocrx_word' id='word_1_93' title='bbox 456 1970 589 2033; x_wconf 89' lang='lat' dir='ltr'><strong>curant.</strong></span> <span class='ocrx_word' id='word_1_94' title='bbox 623 1959 697 2032; x_wconf 83' lang='lat' dir='ltr'><strong>Tali</strong></span> <span class='ocrx_word' id='word_1_95' title='bbox 722 1959 837 2035; x_wconf 92' lang='lat' dir='ltr'><strong>studio</strong></span> <span class='ocrx_word' id='word_1_96' title='bbox 869 1963 1096 2041; x_wconf 88' lang='lat' dir='ltr'><strong>vehementer</strong></span> <span class='ocrx_word' id='word_1_97' title='bbox 1123 1994 1227 2047; x_wconf 91' lang='lat' dir='ltr'><strong>com-</strong></span> 
     </span>
     <span class='ocr_line' id='line_1_14' title="bbox 150 2082 1223 2190; baseline 0.012 -32"><span class='ocrx_word' id='word_1_98' title='bbox 150 2085 252 2176; x_wconf 91' lang='lat' dir='ltr'><strong>moti,</strong></span> <span class='ocrx_word' id='word_1_99' title='bbox 279 2085 323 2158; x_wconf 90' lang='lat' dir='ltr'><strong>ad</strong></span> <span class='ocrx_word' id='word_1_100' title='bbox 349 2083 384 2157; x_wconf 91' lang='lat' dir='ltr'><strong>id</strong></span> <span class='ocrx_word' id='word_1_101' title='bbox 413 2082 507 2179; x_wconf 90' lang='lat' dir='ltr'><strong>quod</strong></span> <span class='ocrx_word' id='word_1_102' title='bbox 533 2092 699 2186; x_wconf 86' lang='lat' dir='ltr'><strong>expetunt</strong></span> <span class='ocrx_word' id='word_1_103' title='bbox 723 2087 1014 2182; x_wconf 90' lang='lat' dir='ltr'><strong>consequendum</strong></span> <span class='ocrx_word' id='word_1_104' title='bbox 1039 2092 1223 2190; x_wconf 88' lang='lat' dir='ltr'><strong>explicant</strong></span> 
     </span>
     <span class='ocr_line' id='line_1_15' title="bbox 150 2205 1223 2310; baseline 0.01 -27"><span class='ocrx_word' id='word_1_105' title='bbox 150 2230 272 2283; x_wconf 92' lang='lat' dir='ltr'><strong>omnes</strong></span> <span class='ocrx_word' id='word_1_106' title='bbox 292 2207 399 2296; x_wconf 90' lang='lat' dir='ltr'><strong>vires,</strong></span> <span class='ocrx_word' id='word_1_107' title='bbox 415 2218 448 2280; x_wconf 90' lang='lat' dir='ltr'><strong>et</strong></span> <span class='ocrx_word' id='word_1_108' title='bbox 465 2205 671 2304; x_wconf 88' lang='lat' dir='ltr'><strong>sapientiam</strong></span> <span class='ocrx_word' id='word_1_109' title='bbox 686 2206 891 2306; x_wconf 91' lang='lat' dir='ltr'><strong>poesimque</strong></span> <span class='ocrx_word' id='word_1_110' title='bbox 916 2210 996 2285; x_wconf 89' lang='lat' dir='ltr'><strong>novi</strong></span> <span class='ocrx_word' id='word_1_111' title='bbox 1021 2217 1164 2310; x_wconf 84' lang='lat' dir='ltr'><strong>generis</strong></span> <span class='ocrx_word' id='word_1_112' title='bbox 1183 2219 1223 2294; x_wconf 94' lang='lat' dir='ltr'><strong>in</strong></span> 
     </span>
     <span class='ocr_line' id='line_1_16' title="bbox 149 2324 1223 2413; baseline 0.01 -12"><span class='ocrx_word' id='word_1_113' title='bbox 149 2328 266 2403; x_wconf 88' lang='lat' dir='ltr'><strong>lucem</strong></span> <span class='ocrx_word' id='word_1_114' title='bbox 293 2325 451 2399; x_wconf 83' lang='lat' dir='ltr'><strong>efferunt.</strong></span> <span class='ocrx_word' id='word_1_115' title='bbox 479 2324 626 2400; x_wconf 81' lang='lat' dir='ltr'><strong>Etiamsi</strong></span> <span class='ocrx_word' id='word_1_116' title='bbox 644 2325 758 2399; x_wconf 92' lang='lat' dir='ltr'><strong>omnis</strong></span> <span class='ocrx_word' id='word_1_117' title='bbox 784 2326 955 2404; x_wconf 83' lang='lat' dir='ltr'><strong>dubitatio</strong></span> <span class='ocrx_word' id='word_1_118' title='bbox 974 2334 1112 2408; x_wconf 93' lang='lat' dir='ltr'><strong>nonsit</strong></span> <span class='ocrx_word' id='word_1_119' title='bbox 1136 2337 1223 2413; x_wconf 88' lang='lat' dir='ltr'><strong>sub·</strong></span> 
     </span>
     <span class='ocr_line' id='line_1_17' title="bbox 147 2439 1219 2550; baseline 0.007 -25"><span class='ocrx_word' id='word_1_120' title='bbox 147 2450 231 2542; x_wconf 90' lang='lat' dir='ltr'><strong>lata,</strong></span> <span class='ocrx_word' id='word_1_121' title='bbox 259 2473 341 2526; x_wconf 89' lang='lat' dir='ltr'><strong>eum</strong></span> <span class='ocrx_word' id='word_1_122' title='bbox 368 2473 423 2524; x_wconf 91' lang='lat' dir='ltr'><strong>res</strong></span> <span class='ocrx_word' id='word_1_123' title='bbox 451 2460 585 2541; x_wconf 90' lang='lat' dir='ltr'><strong>nostra,</strong></span> <span class='ocrx_word' id='word_1_124' title='bbox 609 2473 718 2546; x_wconf 90' lang='lat' dir='ltr'><strong>eaque</strong></span> <span class='ocrx_word' id='word_1_125' title='bbox 742 2439 911 2542; x_wconf 80' lang='lat' dir='ltr'><strong>maxima,</strong></span> <span class='ocrx_word' id='word_1_126' title='bbox 938 2465 1081 2550; x_wconf 86' lang='lat' dir='ltr'><strong>agatur,</strong></span> <span class='ocrx_word' id='word_1_127' title='bbox 1107 2481 1219 2537; x_wconf 88' lang='lat' dir='ltr'><strong>nemo</strong></span> 
     </span>
     <span class='ocr_line' id='line_1_18' title="bbox 149 2576 1219 2681; baseline 0.008 -29"><span class='ocrx_word' id='word_1_128' title='bbox 149 2578 192 2654; x_wconf 91' lang='lat' dir='ltr'><strong>de</strong></span> <span class='ocrx_word' id='word_1_129' title='bbox 209 2601 248 2652; x_wconf 90' lang='lat' dir='ltr'><strong>ea</strong></span> <span class='ocrx_word' id='word_1_130' title='bbox 266 2577 443 2653; x_wconf 89' lang='lat' dir='ltr'><strong>incitatius</strong></span> <span class='ocrx_word' id='word_1_131' title='bbox 461 2587 495 2651; x_wconf 91' lang='lat' dir='ltr'><strong>et</strong></span> <span class='ocrx_word' id='word_1_132' title='bbox 510 2576 677 2674; x_wconf 81' lang='lat' dir='ltr'><strong>grandius</strong></span> <span class='ocrx_word' id='word_1_133' title='bbox 696 2576 825 2650; x_wconf 90' lang='lat' dir='ltr'><strong>scribet</strong></span> <span class='ocrx_word' id='word_1_134' title='bbox 847 2588 908 2651; x_wconf 88' lang='lat' dir='ltr'><strong>aut</strong></span> <span class='ocrx_word' id='word_1_135' title='bbox 924 2579 1105 2676; x_wconf 89' lang='lat' dir='ltr'><strong>loquetur,</strong></span> <span class='ocrx_word' id='word_1_136' title='bbox 1128 2586 1219 2681; x_wconf 93' lang='lat' dir='ltr'><strong>quin</strong></span> 
     </span>
     <span class='ocr_line' id='line_1_19' title="bbox 148 2698 1219 2802; baseline 0.008 -27"><span class='ocrx_word' id='word_1_137' title='bbox 148 2710 286 2775; x_wconf 90' lang='lat' dir='ltr'><strong>nostros</strong></span> <span class='ocrx_word' id='word_1_138' title='bbox 321 2700 457 2774; x_wconf 90' lang='lat' dir='ltr'><strong>animos</strong></span> <span class='ocrx_word' id='word_1_139' title='bbox 494 2698 665 2786; x_wconf 88' lang='lat' dir='ltr'><strong>concitet,</strong></span> <span class='ocrx_word' id='word_1_140' title='bbox 701 2708 906 2796; x_wconf 90' lang='lat' dir='ltr'><strong>mentesque</strong></span> <span class='ocrx_word' id='word_1_141' title='bbox 941 2712 1078 2777; x_wconf 88' lang='lat' dir='ltr'><strong>nostras</strong></span> <span class='ocrx_word' id='word_1_142' title='bbox 1114 2711 1219 2802; x_wconf 87' lang='lat' dir='ltr'><strong>quasi</strong></span> 
     </span>
     <span class='ocr_line' id='line_1_20' title="bbox 148 2817 1219 2916; baseline 0.007 -22"><span class='ocrx_word' id='word_1_143' title='bbox 148 2831 240 2895; x_wconf 88' lang='lat' dir='ltr'><strong>extra</strong></span> <span class='ocrx_word' id='word_1_144' title='bbox 259 2821 382 2895; x_wconf 91' lang='lat' dir='ltr'><strong>mundi</strong></span> <span class='ocrx_word' id='word_1_145' title='bbox 399 2818 662 2916; x_wconf 74' lang='lat' dir='ltr'><strong>finesabripiat.</strong></span> <span class='ocrx_word' id='word_1_146' title='bbox 682 2817 780 2891; x_wconf 92' lang='lat' dir='ltr'><strong>Multi</strong></span> <span class='ocrx_word' id='word_1_147' title='bbox 807 2819 902 2893; x_wconf 92' lang='lat' dir='ltr'><strong>enim</strong></span> <span class='ocrx_word' id='word_1_148' title='bbox 926 2833 1009 2895; x_wconf 91' lang='lat' dir='ltr'><strong>sunt</strong></span> <span class='ocrx_word' id='word_1_149' title='bbox 1026 2823 1132 2899; x_wconf 93' lang='lat' dir='ltr'><strong>hodie</strong></span> <span class='ocrx_word' id='word_1_150' title='bbox 1151 2828 1219 2902; x_wconf 92' lang='lat' dir='ltr'><strong>ho-</strong></span> 
     </span>
     <span class='ocr_line' id='line_1_21' title="bbox 148 2940 1218 3040; baseline 0.008 -24"><span class='ocrx_word' id='word_1_151' title='bbox 148 2944 260 3019; x_wconf 91' lang='lat' dir='ltr'><strong>mines</strong></span> <span class='ocrx_word' id='word_1_152' title='bbox 291 2944 350 3040; x_wconf 90' lang='lat' dir='ltr'><strong>qui</strong></span> <span class='ocrx_word' id='word_1_153' title='bbox 377 2942 584 3017; x_wconf 89' lang='lat' dir='ltr'><strong>miserandis</strong></span> <span class='ocrx_word' id='word_1_154' title='bbox 613 2941 681 3015; x_wconf 92' lang='lat' dir='ltr'><strong>illis</strong></span> <span class='ocrx_word' id='word_1_155' title='bbox 713 2940 864 3017; x_wconf 88' lang='lat' dir='ltr'><strong>Hamleti</strong></span> <span class='ocrx_word' id='word_1_156' title='bbox 895 2944 1057 3035; x_wconf 84' lang='lat' dir='ltr'><strong>vocibus,</strong></span> <span class='ocrx_word' id='word_1_157' title='bbox 1089 2952 1218 3025; x_wconf 91' lang='lat' dir='ltr'><strong>mortis</strong></span> 
     </span>
     <span class='ocr_line' id='line_1_22' title="bbox 148 3065 1216 3165; baseline 0.007 -26"><span class='ocrx_word' id='word_1_158' title='bbox 148 3067 310 3165; x_wconf 83' lang='lat' dir='ltr'><strong>mysteria</strong></span> <span class='ocrx_word' id='word_1_159' title='bbox 340 3066 613 3164; x_wconf 86' lang='lat' dir='ltr'><strong>perscrutantis,</strong></span> <span class='ocrx_word' id='word_1_160' title='bbox 640 3065 777 3161; x_wconf 84' lang='lat' dir='ltr'><strong>gravius</strong></span> <span class='ocrx_word' id='word_1_161' title='bbox 805 3077 838 3139; x_wconf 91' lang='lat' dir='ltr'><strong>et</strong></span> <span class='ocrx_word' id='word_1_162' title='bbox 863 3067 1105 3144; x_wconf 87' lang='lat' dir='ltr'><strong>vehementius</strong></span> <span class='ocrx_word' id='word_1_163' title='bbox 1136 3074 1216 3148; x_wconf 83' lang='lat' dir='ltr'><strong>alfi-</strong></span> 
     </span>
     <span class='ocr_line' id='line_1_23' title="bbox 149 3187 1217 3291; baseline 0.006 -27"><span class='ocrx_word' id='word_1_164' title='bbox 149 3188 287 3265; x_wconf 88' lang='lat' dir='ltr'><strong>ciantur</strong></span> <span class='ocrx_word' id='word_1_165' title='bbox 304 3211 410 3283; x_wconf 89' lang='lat' dir='ltr'><strong>quam</strong></span> <span class='ocrx_word' id='word_1_166' title='bbox 432 3187 512 3261; x_wconf 88' lang='lat' dir='ltr'><strong>trita</strong></span> <span class='ocrx_word' id='word_1_167' title='bbox 531 3188 594 3261; x_wconf 89' lang='lat' dir='ltr'><strong>ista</strong></span> <span class='ocrx_word' id='word_1_168' title='bbox 614 3198 648 3262; x_wconf 92' lang='lat' dir='ltr'><strong>et</strong></span> <span class='ocrx_word' id='word_1_169' title='bbox 661 3187 817 3262; x_wconf 88' lang='lat' dir='ltr'><strong>obsoleta</strong></span> <span class='ocrx_word' id='word_1_170' title='bbox 836 3187 1064 3264; x_wconf 86' lang='lat' dir='ltr'><strong>Tartarorum</strong></span> <span class='ocrx_word' id='word_1_171' title='bbox 1079 3192 1217 3291; x_wconf 79' lang='lat' dir='ltr'><strong>Elysio-</strong></span> 
     </span>
     <span class='ocr_line' id='line_1_24' title="bbox 149 3309 1215 3409; baseline 0.008 -25"><span class='ocrx_word' id='word_1_172' title='bbox 149 3333 269 3384; x_wconf 91' lang='lat' dir='ltr'><strong>rumve</strong></span> <span class='ocrx_word' id='word_1_173' title='bbox 300 3309 547 3407; x_wconf 86' lang='lat' dir='ltr'><strong>descriptione,</strong></span> <span class='ocrx_word' id='word_1_174' title='bbox 574 3333 652 3406; x_wconf 83' lang='lat' dir='ltr'><strong>quae</strong></span> <span class='ocrx_word' id='word_1_175' title='bbox 683 3331 808 3407; x_wconf 87' lang='lat' dir='ltr'><strong>parum</strong></span> <span class='ocrx_word' id='word_1_176' title='bbox 838 3310 990 3385; x_wconf 90' lang='lat' dir='ltr'><strong>credulis</strong></span> <span class='ocrx_word' id='word_1_177' title='bbox 1019 3313 1215 3409; x_wconf 87' lang='lat' dir='ltr'><strong>legentium</strong></span> 
     </span>
     <span class='ocr_line' id='line_1_25' title="bbox 149 3432 1212 3531; baseline 0.007 -23"><span class='ocrx_word' id='word_1_178' title='bbox 149 3434 275 3509; x_wconf 93' lang='lat' dir='ltr'><strong>animis</strong></span> <span class='ocrx_word' id='word_1_179' title='bbox 303 3432 510 3523; x_wconf 90' lang='lat' dir='ltr'><strong>minimum,</strong></span> <span class='ocrx_word' id='word_1_180' title='bbox 535 3445 595 3507; x_wconf 91' lang='lat' dir='ltr'><strong>aut</strong></span> <span class='ocrx_word' id='word_1_181' title='bbox 623 3457 666 3507; x_wconf 92' lang='lat' dir='ltr'><strong>ne</strong></span> <span class='ocrx_word' id='word_1_182' title='bbox 688 3432 865 3507; x_wconf 92' lang='lat' dir='ltr'><strong>mininum</strong></span> <span class='ocrx_word' id='word_1_183' title='bbox 889 3434 1050 3531; x_wconf 93' lang='lat' dir='ltr'><strong>quidem,</strong></span> <span class='ocrx_word' id='word_1_184' title='bbox 1074 3450 1212 3515; x_wconf 92' lang='lat' dir='ltr'><strong>motum</strong></span> 
     </span>
     <span class='ocr_line' id='line_1_26' title="bbox 149 3560 385 3637; baseline -0.008 -3"><span class='ocrx_word' id='word_1_185' title='bbox 149 3560 270 3637; x_wconf 88' lang='lat' dir='ltr'><strong>allerre</strong></span> <span class='ocrx_word' id='word_1_186' title='bbox 289 3560 385 3634; x_wconf 90' lang='lat' dir='ltr'><strong>solet.</strong></span> 
     </span>
    </p>

    <p class='ocr_par' dir='ltr' id='par_1_3' title="bbox 63 3675 1214 4259">
     <span class='ocr_line' id='line_1_27' title="bbox 196 3675 1214 3760; baseline 0.007 -7"><span class='ocrx_word' id='word_1_187' title='bbox 196 3680 396 3754; x_wconf 90' lang='lat' dir='ltr'><strong>Plurimum</strong></span> <span class='ocrx_word' id='word_1_188' title='bbox 422 3677 512 3752; x_wconf 88' lang='lat' dir='ltr'><strong>inter</strong></span> <span class='ocrx_word' id='word_1_189' title='bbox 529 3678 656 3752; x_wconf 89' lang='lat' dir='ltr'><strong>stoicos</strong></span> <span class='ocrx_word' id='word_1_190' title='bbox 675 3675 717 3750; x_wconf 93' lang='lat' dir='ltr'><strong>de</strong></span> <span class='ocrx_word' id='word_1_191' title='bbox 733 3677 932 3750; x_wconf 91' lang='lat' dir='ltr'><strong>animorum</strong></span> <span class='ocrx_word' id='word_1_192' title='bbox 950 3677 1214 3760; x_wconf 87' lang='lat' dir='ltr'><strong>immortalitate</strong></span> 
     </span>
     <span class='ocr_line' id='line_1_28' title="bbox 149 3802 1214 3905; baseline 0.002 -24"><span class='ocrx_word' id='word_1_193' title='bbox 149 3807 384 3896; x_wconf 84' lang='lat' dir='ltr'><strong>disconvenit;</strong></span> <span class='ocrx_word' id='word_1_194' title='bbox 401 3828 483 3878; x_wconf 87' lang='lat' dir='ltr'><strong>nam</strong></span> <span class='ocrx_word' id='word_1_195' title='bbox 510 3803 568 3878; x_wconf 91' lang='lat' dir='ltr'><strong>alii</strong></span> <span class='ocrx_word' id='word_1_196' title='bbox 588 3803 745 3877; x_wconf 88' lang='lat' dir='ltr'><strong>animum</strong></span> <span class='ocrx_word' id='word_1_197' title='bbox 772 3802 938 3876; x_wconf 92' lang='lat' dir='ltr'><strong>continuo</strong></span> <span class='ocrx_word' id='word_1_198' title='bbox 963 3827 1045 3877; x_wconf 88' lang='lat' dir='ltr'><strong>curn</strong></span> <span class='ocrx_word' id='word_1_199' title='bbox 1068 3828 1214 3905; x_wconf 91' lang='lat' dir='ltr'><strong>corpore</strong></span> 
     </span>
     <span class='ocr_line' id='line_1_29' title="bbox 63 3917 1213 4024; baseline 0.002 -23"><span class='ocrx_word' id='word_1_200' title='bbox 63 4015 66 4024; x_wconf 23' lang='grc' dir='ltr'>Ι</span> <span class='ocrx_word' id='word_1_201' title='bbox 150 3917 337 4024; x_wconf 84' lang='lat' dir='ltr'><strong>exstingui,</strong></span> <span class='ocrx_word' id='word_1_202' title='bbox 352 3925 409 3999; x_wconf 86' lang='lat' dir='ltr'><strong>alii</strong></span> <span class='ocrx_word' id='word_1_203' title='bbox 431 3934 601 3999; x_wconf 90' lang='lat' dir='ltr'><strong>aeternum</strong></span> <span class='ocrx_word' id='word_1_204' title='bbox 625 3945 706 3996; x_wconf 93' lang='lat' dir='ltr'><strong>eum</strong></span> <span class='ocrx_word' id='word_1_205' title='bbox 722 3945 823 4018; x_wconf 85' lang='lat' dir='ltr'><strong>agere</strong></span> <span class='ocrx_word' id='word_1_206' title='bbox 841 3945 973 4012; x_wconf 85' lang='lat' dir='ltr'><strong>aerum,</strong></span> <span class='ocrx_word' id='word_1_207' title='bbox 992 3924 1050 3997; x_wconf 88' lang='lat' dir='ltr'><strong>alii</strong></span> <span class='ocrx_word' id='word_1_208' title='bbox 1072 3927 1213 4002; x_wconf 90' lang='lat' dir='ltr'><strong>tandem</strong></span> 
     </span>
     <span class='ocr_line' id='line_1_30' title="bbox 150 4044 1213 4145; baseline 0 -22"><span class='ocrx_word' id='word_1_209' title='bbox 150 4071 231 4124; x_wconf 93' lang='lat' dir='ltr'><strong>eum</strong></span> <span class='ocrx_word' id='word_1_210' title='bbox 250 4071 321 4123; x_wconf 92' lang='lat' dir='ltr'><strong>non</strong></span> <span class='ocrx_word' id='word_1_211' title='bbox 340 4069 496 4145; x_wconf 91' lang='lat' dir='ltr'><strong>semper,</strong></span> <span class='ocrx_word' id='word_1_212' title='bbox 520 4045 581 4120; x_wconf 90' lang='lat' dir='ltr'><strong>sed</strong></span> <span class='ocrx_word' id='word_1_213' title='bbox 600 4045 678 4135; x_wconf 88' lang='lat' dir='ltr'><strong>diu,</strong></span> <span class='ocrx_word' id='word_1_214' title='bbox 702 4056 781 4143; x_wconf 91' lang='lat' dir='ltr'><strong>post</strong></span> <span class='ocrx_word' id='word_1_215' title='bbox 798 4044 954 4142; x_wconf 91' lang='lat' dir='ltr'><strong>corporis</strong></span> <span class='ocrx_word' id='word_1_216' title='bbox 972 4056 1145 4139; x_wconf 89' lang='lat' dir='ltr'><strong>mortem,</strong></span> <span class='ocrx_word' id='word_1_217' title='bbox 1163 4050 1213 4123; x_wconf 89' lang='lat' dir='ltr'><strong>ri-</strong></span> 
     </span>
     <span class='ocr_line' id='line_1_31' title="bbox 149 4167 1213 4259; baseline 0.001 -15"><span class='ocrx_word' id='word_1_218' title='bbox 149 4194 225 4246; x_wconf 89' lang='lat' dir='ltr'><strong>vere</strong></span> <span class='ocrx_word' id='word_1_219' title='bbox 244 4171 450 4244; x_wconf 85' lang='lat' dir='ltr'><strong>existimant.</strong></span> <span class='ocrx_word' id='word_1_220' title='bbox 466 4169 556 4254; x_wconf 86' lang='lat' dir='ltr'><strong>Quin</strong></span> <span class='ocrx_word' id='word_1_221' title='bbox 572 4168 695 4259; x_wconf 90' lang='lat' dir='ltr'><strong>etiam,</strong></span> <span class='ocrx_word' id='word_1_222' title='bbox 710 4167 803 4242; x_wconf 92' lang='lat' dir='ltr'><strong>idem</strong></span> <span class='ocrx_word' id='word_1_223' title='bbox 821 4178 943 4242; x_wconf 88' lang='lat' dir='ltr'><strong>auctor</strong></span> <span class='ocrx_word' id='word_1_224' title='bbox 956 4191 1025 4243; x_wconf 93' lang='lat' dir='ltr'><strong>non</strong></span> <span class='ocrx_word' id='word_1_225' title='bbox 1039 4169 1105 4244; x_wconf 89' lang='lat' dir='ltr'><strong>sibi</strong></span> <span class='ocrx_word' id='word_1_226' title='bbox 1119 4194 1213 4245; x_wconf 92' lang='lat' dir='ltr'><strong>sem-</strong></span> 
     </span>
    </p>
   </div>
   <div class='ocr_carea' id='block_1_3' title="bbox 0 0 1493 5190">
    <p class='ocr_par' dir='ltr' id='par_1_4' title="bbox 0 0 1493 5190">
     <span class='ocr_line' id='line_1_32' title="bbox 0 0 1493 5190; baseline 0 0"><span class='ocrx_word' id='word_1_227' title='bbox 0 0 1493 5190; x_wconf 95' lang='lat' dir='ltr'><strong> </strong></span> 
     </span>
    </p>
   </div>
  </div>
 </body>
</html>
