2970 5190
269 645 379 770 uu
417 640 712 770 oroma
749 639 1225 809 orsumque

466 957 586 1043 laun
607 952 774 1040 rourls
792 952 1017 1043 noumos
1141 889 1144 895 ’

688 1239 793 1261 -400-

601 1557 804 1634 “οΑΡΙ]Τ
838 1559 864 1634 Ι.

328 1731 364 1784 m
382 1729 453 1794 ouo
470 1728 687 1784 arsenarum
704 1727 826 1784 rousrs
843 1729 892 1783 nr·
905 1727 1154 1786 Pmuosoenm.
1220 1812 1221 1815 g

259 1981 394 2055 Harum
419 1981 661 2055 doctrinarum
689 1994 723 2054 et
749 1980 895 2069 artium,
923 2004 1002 2077 quae
1028 1991 1111 2056 sunt
1136 1982 1279 2058 bomine

210 2102 364 2199 ingenuo
388 2101 521 2197 dignae,
545 2101 615 2174 vim
638 2109 671 2175 et
697 2111 860 2174 naturam
889 2100 1194 2187 considerantibus
1220 2113 1280 2176 aut

208 2245 393 2320 perpaucae
407 2231 467 2294 aut
484 2220 590 2294 nullae
608 2220 718 2317 magis
738 2220 829 2293 iuter
845 2243 883 2295 se
901 2220 1102 2295 discordare
1117 2245 1157 2296 ac
1173 2245 1278 2321 repu-

208 2371 316 2445 gnare
337 2347 500 2420 videntur
526 2369 632 2443 quam
657 2345 772 2442 poesis
800 2354 835 2417 et
858 2344 1091 2443 philosophia.
1119 2345 1277 2432 Quarum

208 2490 280 2541 una
295 2466 457 2541 sensibus
475 2475 509 2538 et
526 2488 566 2538 ea
584 2487 690 2561 quam
708 2463 907 2561 philosophi
926 2464 995 2538 vim
1015 2464 1276 2562 imaginativam

208 2588 401 2687 appellant,
429 2587 535 2661 altera
561 2586 790 2682 intelligentia
815 2595 850 2659 et
876 2585 1140 2661 ratiocinatione
1167 2589 1278 2686 pluri-

207 2735 308 2785 mum
325 2710 432 2800 valet;
451 2711 498 2783 ita
517 2720 556 2783 ut
573 2708 649 2799 illa,
668 2709 816 2800 pulchra
835 2707 1023 2805 dulciaque
1046 2710 1151 2783 simul
1171 2733 1276 2809 opera

206 2832 391 2930 fingendo,
414 2830 611 2906 incredibili
633 2830 785 2927 quadam
806 2830 1028 2928 jucunditate
1052 2831 1180 2906 afficiat
1201 2834 1277 2907 ani·

206 2979 300 3045 mm,
317 2957 391 3030 haec
405 2966 539 3044 autem,
554 2954 714 3028 veritates
729 2954 845 3028 adbuc
859 2953 1033 3029 inauditas
1050 2957 1273 3054 reperiendo,

206 3089 267 3154 aut
293 3079 466 3177 dispersas
493 3077 752 3166 connectendo,
782 3076 918 3173 insigne
947 3079 1125 3175 quoddam
1153 3079 1273 3157 lumen

207 3204 386 3279 mentibus
405 3202 573 3300 praeierat.
599 3201 705 3276 Poeta
728 3224 792 3276 suo
810 3224 956 3289 munere
974 3203 1225 3300 defungetur,
1244 3207 1272 3279 si

206 3325 362 3422 singulas
378 3323 574 3421 argumenti
589 3324 774 3422 cujusdam
785 3336 900 3421 partes
913 3322 1096 3424 dissipatas
1112 3350 1151 3402 ac
1166 3328 1274 3404 disso-

206 3451 297 3524 lutas
309 3449 400 3522 inter
414 3471 451 3522 se
464 3447 654 3522 devinxerit
668 3458 771 3546 atque
785 3470 894 3521 unam
908 3448 950 3522 ad
966 3449 1116 3523 formam
1127 3451 1273 3525 reduxe-

206 3573 269 3660 rit,
285 3592 356 3644 non
375 3568 557 3642 deficiente
572 3590 741 3665 generoso
757 3568 817 3643 illo
836 3568 942 3641 animi
956 3569 1089 3666 impetu
1108 3579 1142 3643 et
1156 3570 1271 3644 divino

206 3695 267 3769 illo
282 3693 382 3791 quasi
399 3693 532 3780 furore,
547 3693 622 3766 sine
636 3714 705 3788 quo
723 3715 846 3789 poema
863 3694 1026 3789 quodvis,
1040 3695 1132 3768 sicut
1144 3717 1270 3792 corpus

207 3818 325 3889 anima
346 3836 486 3901 carens,
505 3813 606 3909 friget
624 3823 658 3886 et
673 3812 913 3909 exstinguitur.
930 3813 1167 3911 Philosophus
1184 3837 1270 3888 con-

205 3949 256 4012 tra
274 3960 312 4011 ea
328 3946 467 4009 tantum
490 3935 565 4031 lege
580 3935 643 4008 erit
667 3935 761 4008 omni
788 3935 890 4009 laude
909 3935 1127 4027 cumulatuS‚
1145 3937 1270 4026 atrei,

206 4061 371 4155 adquam
389 4057 493 4131 luerit
511 4056 684 4146 intentus,
697 4057 857 4153 sejungat
870 4066 905 4130 et
917 4056 1096 4132 abstrahat
1113 4059 1271 4157 proprie-

205 4161 312 4269 tates}
339 4188 441 4274 atque
468 4177 529 4249 bas
555 4176 746 4273 generatim
775 4175 923 4271 digestas
950 4176 1059 4272 perite
1086 4178 1213 4252 condat
1236 4189 1271 4252 et
