2970 5190
690 580 737 651 t5

170 720 301 816 saepius
325 720 523 816 anteponit,
541 743 580 794 eo
604 724 714 820 magis
733 734 823 796 vates
842 723 1105 820 pulchritudine
1124 727 1242 802 delec-

168 853 266 916 tatur
284 866 323 916 ea
348 866 426 940 quae
449 844 484 916 in
503 845 661 919 moribus
687 847 845 921 consistit
861 858 895 920 et
917 871 995 942 quae
1014 870 1084 922 non
1104 850 1242 925 videtur

169 961 302 1050 oculis,
320 972 437 1036 mente
456 975 572 1036 tamen
595 965 810 1062 concipitur,
827 988 1022 1063 vanamque
1039 968 1142 1042 istam
1159 971 1241 1067 pul-

169 1085 250 1157 chri
267 1085 423 1181 speciem
441 1086 650 1182 dedignatur
668 1110 775 1184 quam
794 1110 939 1184 corpora
961 1111 1032 1184 prae
1054 1112 1091 1163 se
1109 1091 1237 1165 lerunt.

168 1205 365 1296 HomeruS,
381 1208 429 1280 ait
443 1209 673 1305 philosophus
689 1210 779 1283 inter
794 1221 950 1284 recentes
966 1210 1242 1303 nobilissimusl,
1277 1246 1280 1251 ·

169 1334 306 1398 tantam
327 1327 416 1414 viro,
438 1350 542 1422 quem
566 1329 666 1401 nohis
690 1351 814 1424 magna
837 1330 911 1400 vult
927 1351 1002 1403 esse
1025 1329 1061 1401 in
1088 1331 1243 1405 admira-

168 1451 296 1540 tione,
313 1452 500 1526 tribuendo
527 1453 763 1544 velocitatem,
787 1478 857 1528 non
882 1455 990 1528 sensit
1012 1478 1049 1529 se
1074 1456 1176 1531 illum
1201 1480 1243 1531 ea

167 1577 297 1650 virtute
325 1579 560 1668 exornavisse,
586 1602 654 1675 qua
681 1602 763 1653 cum
790 1579 888 1675 equis
915 1579 1154 1677 venaticisque
1181 1606 1241 1656 ca-

170 1694 280 1768 nibus
304 1696 357 1770 vix
384 1707 542 1770 certaret.
570 1698 660 1781 Quid
686 1697 814 1795 plura?
841 1697 929 1772 Cum
955 1699 1129 1773 Pindarus
1155 1703 1244 1774 tanti

168 1819 301 1893 laceret
320 1821 476 1918 corporis
493 1821 582 1895 vires
601 1832 635 1894 et
653 1821 859 1916 agilitatem,
878 1831 917 1895 ut
941 1845 1013 1920 prae
1036 1821 1104 1897 illis
1123 1825 1241 1899 omnia

171 1943 316 2018 sordere
339 1954 373 2028 et
397 1944 494 2017 nullo
520 1944 556 2017 in
582 1967 730 2018 numero
748 1968 823 2018 esse
841 1945 872 2018 ei
890 1945 1106 2035 viderentur,
1126 1960 1244 2022 noster

170 2076 295 2139 contra
313 2065 513 2140 Ludovicus
537 2067 682 2163 Magnus
701 2078 811 2165 poetae
830 2066 972 2141 cuidam
990 2069 1138 2164 graviter
1162 2093 1245 2144 suc-

171 2187 355 2260 censuisse
385 2186 531 2275 dicitur,
562 2187 656 2283 quod
684 2187 774 2260 inter
802 2196 851 2260 tot
876 2187 960 2260 alias
990 2188 1086 2262 dotes
1114 2190 1243 2285 quibus

171 2328 210 2378 se
228 2307 417 2403 praeditum
435 2316 470 2381 et
486 2307 701 2380 instructum
717 2287 876 2402 putabat,
896 2306 1031 2380 nullam
1049 2307 1112 2382 iste
1131 2294 1244 2406 magis

170 2429 406 2518 laudandam,
428 2451 534 2526 quam
555 2428 660 2502 nandi
684 2438 794 2502 artem
815 2440 1000 2526 repererat.
1030 2428 1114 2513 Quis
1132 2454 1151 2504 e
1170 2431 1244 2506 cla·
1306 2478 1308 2481 ·

171 2552 323 2626 rissimis
347 2551 457 2625 aetatis
482 2562 609 2625 nostrae
632 2551 785 2639 vatibus,
805 2535 990 2624 hominum
1006 2552 1104 2648 jura,
1130 2576 1242 2651 popu-

164 2677 290 2750 lorum
308 2674 514 2764 utilitatem,
539 2685 573 2748 et
590 2674 746 2749 scientiae
773 2684 959 2768 augmenta
984 2675 1174 2765 omitteret,
1202 2686 1242 2749 ut

173 2797 293 2872 nescio
317 2819 405 2894 quos
424 2796 588 2887 athletaS,
617 2798 653 2870 in
676 2796 785 2869 triviis
810 2796 988 2870 decertare
1012 2795 1147 2886 solitos,
1173 2798 1240 2873 sibi

173 2931 330 2995 sumeret
348 2918 599 2994 celebrandos?

596 3279 742 3355 CAPUT
761 3278 821 3353 lll.

172 3472 300 3537 numus
310 3440 532 3524 rauronmus
545 3467 744 3531 oureusoun
756 3466 822 3520 suo
833 3464 1104 3520 counrrromous
1119 3466 1239 3520 ronsrs

213 3595 257 3650 nr
272 3592 509 3649 annosorum
523 3590 730 3647 cousocmm
745 3590 788 3643 nr
802 3569 1028 3644 connnsc'nan
1043 3588 1197 3643 nossuvr.

222 3821 268 3894 Ut
281 3819 413 3895 caeteris
429 3817 561 3892 artibus
575 3815 754 3913 ingenuis,
770 3814 820 3888 sio
835 3813 885 3887 illi
901 3835 1008 3910 quam
1025 3813 1160 3911 poesim
1174 3835 1239 3887 no-

170 3942 366 4029 minamus
383 3963 423 4013 ca
434 3961 512 4036 quae
525 3959 623 4010 mens
633 3934 712 4009 vere
726 3935 873 4030 cogitat,
887 3945 920 4006 et
934 3933 1062 4029 quibus
1073 3956 1150 4008 vere
1167 3957 1239 4008 mo·

169 4057 271 4140 vetur
286 4064 440 4154 animus,
455 4053 591 4136 sincere
607 4059 786 4156 virideque
802 4055 1026 4155 exprimenda
1042 4067 1134 4130 sunt.
1151 4057 1238 4131 Pul-

134 4316 168 4375 Η
207 4288 216 4326 ⁴
233 4284 435 4389 Mappttuchc.
449 4317 479 4327 -
497 4285 579 4343 Rccd.
596 4284 630 4340 de
642 4283 673 4339 lo
687 4285 783 4340 oe'rr'te
798 4312 831 4323 —
847 4280 968 4338 Prdlaoe.
