2970 5190
717 519 764 593 84

167 702 171 709 ·
208 682 292 757 pace
316 659 475 753 dixerim)
496 682 603 749 verae,
623 661 837 756 magnificae,
856 669 889 732 et
912 660 1035 734 rudem
1059 660 1277 758 incomposi-

204 797 347 886 tamque
364 788 558 862 orationem
572 787 730 863 efficiunt
746 787 986 884 gravissimam
1002 811 1042 862 ac
1057 789 1278 887 praestantis·

203 906 341 984 simam.

252 1030 412 1128 Agnosco
427 1029 578 1104 stoicum
594 1028 829 1128 eumdemque
843 1029 998 1106 nobilem
1014 1040 1048 1105 et
1059 1052 1275 1126 generosum

201 1156 333 1242 virum,
351 1177 414 1254 pro
430 1155 593 1252 aequitate
608 1167 908 1255 propugnantem,
928 1156 983 1230 his
1006 1156 1042 1231 in
1060 1155 1176 1231 verinis
1195 1157 1276 1254 qni·

202 1280 269 1355 bus
287 1302 324 1354 se
341 1280 518 1355 malorum
533 1280 716 1378 profitetur
733 1303 807 1356 esse
828 1281 1089 1372 insectatorem,
1104 1293 1139 1355 et
1159 1280 1274 1357 bonos

202 1426 331 1500 magno
347 1404 512 1502 prosequi
529 1402 656 1478 studio.
674 1402 832 1507 Stoicum
851 1425 991 1501 quoque
1015 1402 1155 1501 planius
1173 1426 1275 1503 repe-

202 1529 272 1605 rire
285 1539 336 1604 est
349 1528 386 1603 in
398 1526 555 1603 versibus
568 1526 698 1623 quibus
713 1527 862 1625 patriam
875 1533 955 1602 ante
968 1526 1104 1618 omnia,
1117 1537 1196 1601 tum
1210 1542 1273 1626 pa-

202 1660 333 1738 renteS,
353 1647 504 1745 denique
522 1646 750 1745 semetipsum
769 1649 974 1746 ponendum
988 1670 1063 1723 esse
1078 1647 1272 1742 existimat;

202 1794 285 1846 nam
309 1771 448 1846 Marcus
473 1769 629 1860 Tullius,
651 1771 849 1845 Panaetium
875 1771 1026 1847 stoicum
1049 1782 1212 1864 secutus,
1240 1782 1274 1849 et

203 1896 364 1972 eamdem
374 1894 560 1971 enuntians
571 1895 795 1987 sententiam,
808 1895 932 1971 iisdem
943 1898 1014 1972 iere
1024 1898 1138 1973 verbis
1148 1899 1272 1975 utitur.

252 2015 407 2113 Capitale
425 2016 492 2090 hoc
510 2015 652 2107 odium,
675 2039 748 2090 non
766 2016 809 2091 ab
834 2016 985 2106 invidia,
1005 2017 1067 2092 sed
1097 2039 1115 2092 a
1144 2018 1273 2096 virtute

203 2147 345 2228 natum,
364 2160 434 2235 quo
452 2148 553 2237 poeta
576 2148 694 2214 noster
711 2139 911 2216 incenditur
934 2139 970 2214 in
995 2139 1196 2239 improboS,
1221 2143 1273 2218 sic

204 2261 290 2338 alias
308 2261 478 2360 erumpit:

310 2566 361 2625 Uni
376 2579 408 2623 se
420 2569 503 2637 atque
516 2566 604 2623 eidem
619 2567 712 2623 studio
727 2580 823 2624 omnes
836 2566 936 2623 dedere
949 2570 978 2624 et
990 2567 1057 2639 arti3

309 2665 399 2725 Verba
413 2665 478 2722 dare
491 2669 522 2722 ut
532 2672 612 2723 caute
627 2667 750 2737 possint,
763 2679 887 2737 pugnare
900 2664 1011 2739 dolose,

309 2762 443 2822 Blanditia
456 2768 578 2836 certare,
590 2764 693 2821 honum
707 2763 835 2822 simulare
848 2765 936 2822 virum
949 2778 995 2834 se,

309 2861 428 2918 Insidias
439 2859 546 2932 iacere,
561 2865 593 2918 ut
608 2860 632 2918 si
644 2860 741 2918 hostes
754 2862 811 2918 sint
823 2860 952 2918 omnibus
966 2871 1070 2926 omnes.

254 3038 314 3113 Vir
328 3038 442 3122 bonus
460 3037 624 3136 quilibet,
642 3036 749 3113 etiam
764 3059 834 3111 non
852 3036 1004 3125 stoicus,
1020 3034 1168 3110 simodo
1187 3058 1272 3133 poe-

204 3162 274 3238 tica
294 3162 456 3238 facultate
472 3162 652 3252 valuisset,
670 3161 721 3239 sic
739 3161 1061 3261 profecto,(iatebor
1079 3160 1189 3258 enim)
1208 3183 1274 3259 po-

188 3284 273 3360 tuit
297 3284 529 3382 indignationi
547 3285 620 3361 vela
643 3285 735 3360 dare.
763 3283 945 3376 Attamen,
969 3307 1051 3360 cum
1069 3281 1235 3358 Porticus
1254 3308 1273 3359 a

119 3413 121 3421 ’
205 3404 319 3480 fallaci
336 3403 530 3480 imitatione
547 3404 841 3503 simulationeque
858 3405 995 3480 virtutis
1013 3403 1189 3504 praecipue
1206 3403 1272 3481 ab·

206 3530 423 3622 horruerit¹,
440 3552 632 3627 omnesque
649 3529 811 3606 homines
827 3529 921 3605 velut
938 3530 1097 3629 quaedam
1114 3531 1274 3630 corporis

205 3655 364 3754 ejusdem
382 3656 541 3732 membra
559 3655 738 3747 habuerit,
761 3657 941 3732 communi
960 3657 1111 3738 caritatis
1129 3657 1272 3733 vinculo

206 3781 410 3879 conjuncta,
429 3792 464 3857 et
486 3792 524 3856 ut
547 3793 708 3856 mutuam
730 3781 796 3856 sibi
819 3792 983 3881 praestent
1007 3805 1150 3880 operam
1175 3777 1274 3859 ordi-

206 3915 309 3997 nata,
334 3930 558 4006 nequaquam
583 3907 750 3998 mirarer,
778 3905 808 3983 si
834 3909 913 4006 quis
939 3911 1165 3986 contenderet
1193 3911 1272 3988 haec

205 4012 318 4102 diota:
339 4028 481 4104 «Verba
498 4028 582 4103 dare
599 4037 638 4104 ot
652 4037 754 4105 caute
770 4029 950 4127 possint...
970 4030 1052 4106 utsi
1064 4031 1181 4108 hostes
1198 4032 1273 4107 sint

243 4264 322 4326 ¹dic.
337 4264 463 4340 Deoff,
478 4267 497 4326 1.
512 4269 634 4340 i,c.t3.
