2948 5220
700 445 747 519 92

194 616 300 673 sensu
318 594 508 670 abhorrent
524 593 663 692 lougius
682 604 717 668 et
734 615 811 692 quae
824 593 903 669 ideo
921 593 1179 694 paradoxorum
1197 592 1260 668 de-

194 716 379 813 signantur
400 715 561 807 nomine,
580 737 689 813 eaque
711 736 807 791 nuno
829 713 1002 806 defendit,
1024 736 1120 789 nunc
1145 713 1261 790 insee·
1344 816 1346 818 q

194 847 297 914 tatur.

242 960 368 1036 Stoicis
386 960 566 1058 placuerat
583 958 701 1033 omnia
716 968 859 1058 peecata
876 981 951 1033 esse
970 958 1084 1057 paria3
1100 978 1203 1049 nam,
1222 967 1263 1034 ut

194 1086 242 1161 ait
258 1084 411 1175 Tullius,
432 1083 676 1181 «gubernator
689 1105 788 1180 aeque
806 1093 944 1181 peccat,
962 1081 990 1155 si
1010 1081 1118 1181 paleae
1135 1104 1261 1156 navem

193 1207 372 1298 everterit,
390 1214 424 1281 et
437 1207 467 1280 si
479 1207 598 1280 auri.»
616 1206 716 1281 Hane
729 1205 957 1296 sententiam,
971 1205 1007 1278 in
1022 1203 1263 1303 pulcherrima

193 1326 358 1425 epistola,
373 1325 511 1402 uidetur
528 1326 626 1424 sequi
647 1325 831 1420 Horatius;
856 1347 941 1418 nam
958 1337 1097 1400 servum
1113 1323 1189 1423 ipse
1210 1323 1263 1398 sie

195 1447 400 1548 alloquitur:
555 1440 574 1467 “

267 1676 274 1692 .
311 1674 318 1690 .
357 1671 364 1687 .
402 1632 468 1690 .l)e
481 1631 555 1689 mille
570 1631 640 1688 fabe
653 1629 755 1688 modiis
768 1644 852 1702 quum
866 1630 989 1702 subripis
1002 1641 1101 1700 unum,

266 1731 399 1789 Damnum
416 1733 472 1800 est,
490 1742 545 1786 nou
558 1727 667 1787 lacinus
679 1729 745 1786 mihi
761 1732 843 1800 paolo
856 1728 948 1786 lenius
961 1728 1015 1786 isto
1029 1727 1046 1787 ¹.

242 1885 337 1960 Alias
353 1895 471 1961 autem
486 1896 603 1984 poeta,
625 1896 665 1959 ut
688 1885 748 1982 qui
770 1885 859 1959 nihil
878 1884 977 1984 pensi
996 1885 1123 1960 habeat
1140 1893 1263 1960 utrum

196 2030 318 2083 secum
333 2009 571 2083 convenientia
586 2009 877 2106 proseratneone,
889 2008 1017 2083 stoioos
1030 1984 1175 2082 ridendo
1187 2017 1264 2081 tan-

195 2132 245 2227 git
261 2140 296 2204 et
313 2129 459 2227 castigat
476 2131 596 2207 dicens
611 2153 682 2204 non
700 2153 799 2228 aeque
823 2153 898 2206 esse
918 2138 1120 2229 peceatum,
1138 2129 1167 2203 si
1181 2131 1262 2226 quis

195 2256 232 2328 iu
250 2255 406 2330 alienum
424 2255 588 2329 minxerit
604 2254 735 2328 lectum
754 2264 873 2353 potua,
891 2277 931 2329 ae
945 2255 974 2329 si
995 2255 1073 2353 quis
1091 2275 1262 2352 sponsum

195 2365 390 2473 negauerim
409 2399 475 2452 nee
490 2376 550 2475 qui
566 2388 702 2452 teneros
719 2377 928 2475 cujusquam
947 2378 983 2451 in
1001 2377 1102 2451 horto
1120 2375 1264 2472 fregerit

195 2499 328 2590 cauleS,
344 2499 375 2576 ei
391 2475 735 2576 esse⁰eonferendurn
749 2499 810 2598 qui
823 2522 842 2575 e
857 2500 987 2598 templo
1000 2521 1098 2575 saera
1112 2498 1262 2575 deorum

196 2619 381 2697 abstulerit
392 2621 416 2694 ².
445 2608 457 2636 ³

241 2746 435 2836 Praeterea,
454 2741 548 2843 aliud
566 2743 782 2842 paradoxum
804 2741 840 2815 in
861 2740 1018 2816 medium
1044 2742 1263 2840 protulerant

196 2864 312 2955 stoici,
331 2866 425 2963 quod
438 2865 557 2940 multis
573 2866 715 2963 quidem
729 2864 927 2954 insolitum,
945 2864 1125 2941 mihivero
1138 2866 1262 2941 tritum

196 2986 467 3083 quoddamlesse
484 2985 621 3060 videtur
636 2987 734 3083 (nam
752 3006 961 3082 persuasum
977 2984 1089 3060 habeo
1111 2985 1148 3060 in
1165 2984 1264 3060 verbi

196 3105 428 3180 controversia
452 3127 529 3179 rem
544 3105 704 3201 versari),
722 3126 844 3179 omnes
868 3104 1002 3180 scilieet
1017 3106 1172 3182 insanire
1195 3108 1263 3182 ho-

196 3224 318 3298 mines.
339 3224 440 3309 Quod
459 3234 541 3298 e'um
568 3225 705 3314 dieunt,
725 3224 809 3322 quid
832 3235 909 3298 tum
933 3235 1056 3321 agunt,
1073 3226 1142 3300 nisi
1168 3226 1263 3300 affir-

165 3340 166 3343 '
196 3358 311 3439 mant,
329 3348 532 3446 quicunque
551 3349 725 3447 perlaetus
745 3370 816 3422 nun
842 3348 901 3438 sit,
924 3371 1006 3422 eum
1033 3372 1108 3425 esse
1129 3349 1263 3447 imper·

196 3473 326 3547 lectum
345 3473 526 3570 oportere?
552 3473 665 3558 Quam
693 3471 901 3546 sententiam
930 3471 1115 3547 commode
1141 3472 1265 3572 arripit

197 3592 377 3684 HoratiuS,
405 3593 499 3688 quod
522 3593 595 3690 jam
626 3600 724 3666 antea
752 3592 860 3666 Varro
888 3592 1009 3666 leeisse
1034 3591 1206 3683 ereditur,
1231 3603 1267 3668 et

197 3718 314 3792 omnia
330 3717 516 3791 hominum
532 3717 629 3808 vitia,
641 3716 794 3790 vicissim
811 3717 1003 3815 descripta,
1026 3717 1135 3793 lucete
1153 3716 1266 3814 carpit

150 3881 153 3886 ·
197 3849 232 3916 et
248 3840 352 3943 ludit,
367 3840 413 3914 Ut
431 3839 548 3913 onmia
568 3839 611 3914 ab
627 3862 666 3914 eo
680 3839 794 3936 lepide
808 3839 899 3914 dieta
914 3860 985 3915 non
998 3839 1163 3931 reseram,
1181 3839 1264 3938 quia

236 4071 319 4128 ¹H0r.
335 4071 353 4129 l.
367 4074 393 4142 l,
406 4073 459 4143 Ep.
473 4075 517 4144 l6,
529 4086 555 4128 v.
569 4075 613 4130 55.

234 4167 345 4235 '²Ident,
363 4169 380 4224 l.
396 4171 423 4239 l,
438 4170 499 4226 Sat.
516 4175 541 4239 3,
555 4183 580 4224 v.
596 4173 658 4226 tto.
