2970 5190
618 499 666 572 95

111 642 255 738 subigit,
270 653 308 715 et
336 663 398 738 pro
423 641 552 714 misero
570 642 629 715 illo
658 666 754 739 rege,
773 644 817 718 ab
842 666 883 718 eo
902 645 1028 737 nimis,
1045 657 1085 720 ut
1101 647 1177 745 opi-

111 785 191 852 nor,
214 771 334 836 vexato
357 783 594 858 propugnare,
619 766 813 858 praesertim
831 764 967 839 socium
988 767 1176 841 habentem

109 885 198 958 mihi
226 883 371 957 omnino
407 882 551 981 impari,
576 894 734 982 ternpore
769 896 803 960 et
838 885 931 978 loco,
958 887 1174 962 adiuturum.

109 1004 264 1078 Nasutus
283 1012 401 1078 noster
423 1013 524 1101 poeta
547 1002 678 1094 rideat,
702 1004 731 1077 si
758 1005 889 1103 placet,
917 1006 1082 1099 barbam,
1100 1010 1176 1083 lus-

110 1133 202 1213 tem,
226 1122 451 1220 inopiamque
478 1122 670 1196 stoicorum
699 1126 951 1220 quorumdam,
978 1128 1038 1224 qui
1060 1127 1177 1202 Antis·

109 1246 253 1320 thenem
277 1244 388 1342 magis
414 1266 520 1341 quam
544 1245 719 1320 Zenonem
749 1248 815 1322 vita
842 1258 876 1323 et
902 1250 1061 1325 moribus
1089 1253 1177 1326 rele-

111 1369 244 1443 rebant.
271 1369 366 1443 Este.
391 1368 476 1442 Mihi
497 1379 612 1444 tamen
629 1369 744 1445 dicere
766 1370 868 1445 liceat
891 1395 1177 1470 unamquamque

109 1493 370 1593 philosophiam
389 1505 449 1567 aut
475 1493 680 1591 religionem
705 1496 865 1591 quaedam
892 1497 994 1593 vulgo
1014 1497 1177 1573 extollere

110 1615 146 1688 in
163 1616 298 1712 majus,
316 1639 394 1712 quae
411 1616 447 1689 in
464 1639 579 1691 mores
598 1616 729 1691 sensim
747 1616 901 1692 influunt
915 1630 949 1692 et
963 1617 1176 1715 singularem

111 1739 299 1836 aliquando
314 1739 458 1835 pariunt
474 1738 599 1836 agendi
614 1739 801 1829 rationem,
817 1741 877 1814 sed
891 1764 968 1837 quae
984 1740 1069 1816 adeo
1088 1741 1177 1814 nihil

112 1863 154 1937 de
170 1862 340 1936 scitorum
356 1884 397 1936 ac
414 1872 670 1961 praeceptorum
689 1861 904 1938 sublimitate
920 1863 1123 1952 detrahunt,
1139 1875 1179 1937 ut

112 1981 291 2056 contraiis
308 1981 378 2055 sint
395 1981 543 2055 mirifice
561 1993 639 2080 apta
657 1995 692 2056 ct
709 2004 874 2057 connexa.

160 2105 348 2191 Praeterea,
372 2104 537 2179 Horatius
565 2128 635 2179 non
664 2105 751 2179 mihi
779 2118 872 2181 recte
896 2106 1023 2181 vidisse
1043 2106 1179 2183 videtur

112 2224 235 2320 quain
261 2247 298 2299 re
321 2224 433 2323 posita
460 2225 505 2297 sit
528 2247 607 2298 vera
632 2224 786 2299 hominis
804 2225 1010 2323 magnitudo
1034 2237 1068 2301 et
1086 2248 1176 2324 praa-

111 2348 301 2439 stantia,et
317 2348 561 2448 imperitorum
576 2349 776 2446 opinionem
789 2351 905 2449 potius
919 2374 1026 2448 quam
1043 2351 1178 2448 sapien·

62 2519 65 2525 ·
111 2476 201 2550 tium
219 2474 391 2551 rationem
406 2473 442 2547 in
455 2497 496 2549 eo
512 2486 672 2550 secutum
684 2476 800 2550 luisse.
816 2475 1027 2551 Omittamus
1043 2475 1178 2572 regium

113 2620 263 2687 nomen,
281 2607 403 2698 utpote
421 2598 632 2695 quibusdam
656 2599 839 2688 odiosum,
857 2612 891 2674 et
914 2597 1094 2673 hominem
1121 2621 1178 2672 so-

114 2718 296 2794 lummodo
311 2740 510 2815 quaeramus
522 2704 777 2815 quem'caeteris
791 2719 996 2810 hominibus
1006 2719 1085 2816 jure
1099 2740 1179 2816 pos-

112 2842 224 2916 simus
238 2841 433 2916 existimare
451 2842 679 2939 superiorem.
698 2837 783 2926 'Quis
799 2841 960 2938 phaleras
979 2839 1178 2936 dedignari,

115 2977 149 3039 et
168 2966 272 3040 rebus
289 2968 476 3062 personam
490 2963 631 3039 demere
649 2987 776 3060 easque
795 2962 1023 3061 introspicere
1038 2961 1179 3049 solitus,

115 3085 231 3160 virum
257 3084 461 3185 prudentia,
475 3084 629 3180 justitia,
653 3083 873 3174 fortitudine,
891 3082 1057 3157 omnibus
1082 3081 1181 3155 deni-

117 3230 186 3302 que
201 3206 332 3305 ingenii
358 3216 394 3283 et
419 3205 527 3280 animi
551 3205 739 3280 virtutibus
757 3214 921 3278 ornatum
940 3214 974 3278 et
989 3203 1181 3301 amplifica·

118 3340 194 3402 tum
213 3312 284 3402 non
313 3337 517 3427 anteponat,
537 3326 642 3400 etiam
670 3325 818 3400 fortunis
842 3337 1037 3413 carentem,
1063 3324 1093 3397 ei
1121 3323 1182 3396 ho-

117 3452 224 3541 mini,
238 3475 360 3548 quern,
371 3451 499 3526 mentis
511 3461 544 3525 et
554 3448 690 3525 consilii
700 3449 857 3546 inopem,
872 3445 1181 3544 contemptissimis

119 3572 369 3671 cupiditatibus
387 3571 612 3661 servientem,
635 3592 736 3646 casus
760 3567 907 3665 quilibet
932 3567 975 3640 ad
1001 3589 1181 3640 summum

118 3696 307 3795 imperium
323 3695 507 3771 extulerit?
529 3694 569 3768 ln
592 3693 660 3767 hoc
684 3691 779 3765 enim
804 3691 884 3764 ficta
908 3700 942 3763 et
965 3687 1182 3778 affabricata,

119 3819 155 3892 in
175 3819 234 3894 illo
252 3842 330 3896 vera
345 3830 379 3893 et
397 3842 416 3893 a
434 3829 557 3893 natura
573 3817 726 3916 prolecta
745 3813 945 3888 excellentia
964 3823 1026 3887 est.

166 3939 297 4036 Regem
316 3939 438 4029 illum,
457 3961 563 4036 quem
578 3937 679 4012 stoici
695 3935 902 4035 praedicant,
916 3931 1081 4006 Horatius
1100 3952 1182 4004 sane

119 4065 310 4140 lectoribus
342 4075 463 4164 argute
492 4062 642 4163 praebuit
668 4059 918 4148 deridendum3
945 4056 1023 4146 sad,
1051 4055 1079 4129 si
1105 4053 1182 4151 quis

119 4189 184 4263 hos
198 4188 393 4288 principes,
412 4210 499 4285 quos
514 4196 615 4285 poeta
634 4208 716 4261 cum
732 4183 834 4280 vulgo
855 4182 1004 4256 miratur
1019 4191 1052 4254 et
1069 4178 1183 4277 suspi-
