2970 5190
593 890 738 967 CAPUT
762 889 881 965 XVlll.

423 1071 469 1128 on
487 1071 621 1130 scurra
641 1069 838 1129 srorronun
855 1069 1048 1128 nrscrruuo.

251 1299 400 1375 Haeresis
419 1299 629 1388 stoicorum,
648 1319 718 1373 non
735 1295 850 1404 solum
868 1307 1027 1394 poemata
1055 1322 1138 1396 quae
1154 1303 1201 1378 ad
1224 1305 1285 1380 do·

204 1425 351 1514 cendos,
370 1422 554 1499 sedetiam
574 1446 652 1521 quae
671 1421 712 1496 ad
737 1420 959 1497 delectandos
983 1421 1151 1500 homines
1177 1450 1285 1527 spec-

203 1558 295 1639 tant,
313 1557 570 1645 praeceptorum
598 1544 775 1645 impressit
792 1543 958 1640 vestigiis3
986 1546 1119 1645 quippe
1145 1571 1230 1646 quae
1249 1566 1284 1628 et
1319 1535 1322 1542 ¹

202 1672 238 1746 in
257 1672 384 1747 sabulis
404 1672 446 1747 ad
475 1693 617 1746 scenam
636 1670 839 1770 compositis
856 1679 890 1744 et
909 1668 945 1743 in
971 1671 1126 1749 heroicis
1146 1682 1283 1755 carmi·

203 1791 307 1868 nibus
324 1815 423 1889 aeque
442 1802 620 1891 apparent.
640 1790 708 1866 Sed
726 1791 813 1865 tanti
831 1813 900 1866 non
924 1800 976 1865 est
996 1793 1190 1894 utriusque
1215 1825 1281 1897 ge-

204 1918 296 1992 neris
331 1927 450 2015 poetas
483 1914 640 2011 singulos
675 1914 823 1990 dicendo
858 1916 1042 2014 persequi,
1078 1929 1114 1994 et
1150 1944 1281 2002 omnes

202 2041 393 2116 versiculos
422 2038 606 2114 Particum
638 2038 851 2128 redolentes,
877 2039 1117 2117 analectarum
1150 2048 1281 2139 modo,

204 2160 366 2259 colligere
385 2185 425 2236 ac
445 2160 603 2235 conterre
627 2164 664 2234 in
691 2182 814 2234 unum.
839 2160 978 2257 Itaque,
1001 2185 1116 2260 pauca
1135 2167 1183 2243 de
1200 2170 1279 2245 Pu·

203 2281 275 2356 blio
294 2281 378 2380 Syro
397 2282 553 2370 locutus,
569 2280 604 2353 in
620 2280 749 2354 Seneca
767 2289 801 2353 et
817 2280 978 2372 Lucano,
997 2294 1177 2380 quatenus
1196 2293 1280 2366 stoi-

203 2400 1277 2494 cissaverunt,examinandisetaestimandis,curamomnem

203 2526 407 2625 impendere
422 2526 509 2601 vole.

251 2648 436 2736 Versibus,
469 2646 529 2743 qui
559 2646 661 2742 vulgo
691 2645 730 2719 P.
763 2645 847 2744 Syro
879 2645 1119 2743 assignantur,
1150 2653 1276 2729 multae

203 2771 370 2869 subjectae
402 2780 484 2845 sunt
515 2768 711 2857 sententiae,
744 2790 822 2865 quae
851 2791 891 2843 ex
921 2769 1109 2846 hominum
1139 2775 1210 2850 vita
1241 2788 1277 2852 et

203 2890 384 2966 communi
402 2889 556 2987 quodam
571 2910 611 2961 ex
632 2909 700 2961 usu
719 2886 913 2986 desumptae
928 2889 1112 2983 videntur,
1130 2903 1166 2968 et
1184 2919 1276 2992 quas

202 3012 376 3109 insignitis
393 3010 606 3109 quibusdam
624 3010 739 3084 verbis
765 3010 880 3086 solum
896 3010 1051 3100 distinxit
1065 3026 1179 3112 poeta.
1200 3017 1275 3094 Has
1373 3104 1377 3108 ,

203 3143 320 3209 tamen
339 3133 443 3208 credo
458 3133 501 3207 ad
517 3132 708 3208 stoicorum
725 3132 886 3230 dogmata
910 3144 944 3210 et
964 3135 1124 3212 instituta
1142 3136 1271 3215 simili·
1350 3208 1355 3217 ,

203 3255 325 3332 tudine
339 3255 483 3357 propius
499 3254 683 3331 accedere:
744 3284 747 3289 ¹

308 3468 357 3524 Est
372 3465 452 3522 turba
467 3479 574 3536 semper
587 3469 777 3538 argumentum
789 3467 909 3539 pessimi.
1011 3529 1014 3532 Α

307 3562 433 3623 Nondum
448 3561 513 3619 felir
527 3576 572 3632 es,
589 3563 613 3619 si
627 3562 747 3619 nondum
762 3562 843 3620 turba
857 3567 884 3620 te
898 3563 1034 3621 deriserit.

305 3658 364 3716 Nisi
378 3664 467 3728 perte
484 3658 590 3729 sapias,
604 3657 707 3714 frustra
722 3659 872 3729 sapientem
885 3659 989 3717 audias.

253 3841 437 3928 Qnibnsin
454 3840 609 3916 versibus
628 3840 708 3915 licet
726 3863 914 3937 agnoscere
939 3841 1091 3937 signatas
1110 3843 1272 3941 philoso-

206 3967 357 4065 phorum
373 3975 487 4053 notas,
505 3964 565 4060 qni
592 3986 728 4061 semper
752 3964 876 4061 vulgus
895 3963 1096 4039 lacessivere
1117 3976 1151 4040 et
1169 3971 1272 4063 quasi

205 4086 240 4158 in
260 4097 435 4158 certamen
455 4085 648 4170 imitavere,
668 4084 799 4157 nodnm
817 4083 910 4157 illius
926 4070 1124 4160 auctoritati
1139 4109 1176 4161 se
1195 4098 1272 4162 tur-

207 4204 294 4301 piter
312 4205 533 4298 subjicerent.
554 4206 684 4277 Seneca
711 4204 805 4277 enirn
836 4206 917 4292 hoo,
937 4216 1017 4278 ante
1041 4207 1177 4297 omnia,
1197 4208 1270 4284 Lu-
