2970 5190
577 504 618 576 ll

64 655 109 727 de
123 651 272 751 pulchro
291 672 432 747 quoque
447 649 596 724 libenter
614 647 892 748 praedicaverim,
909 669 1034 744 nempe
1050 646 1133 734 hoc,

64 771 204 849 etiamsi
234 793 251 843 a
279 763 377 842 nullo
404 769 585 859 laudetur,
605 781 728 842 natura
754 789 829 841 esse
852 766 1038 840 laudabile.
1058 765 1134 840 Nisi

64 899 154 972 sorte
169 894 258 967 liber
272 893 420 989 quisque
438 915 476 966 ex
496 914 644 965 numero
663 891 779 989 potius
802 912 908 987 quam
927 912 966 963 ex
985 889 1136 986 pruden-

65 1019 114 1093 tie
140 1017 312 1091 lectorum
339 1014 565 1088 aestimandus
590 1025 657 1103 est,
682 1036 722 1087 ac
747 1012 896 1110 scriptor
919 1011 979 1108 qui
1001 1011 1135 1108 vulgari

35 1117 37 1119 ‚
67 1147 230 1213 sermone
246 1146 279 1209 et
293 1135 421 1210 fabulis
439 1136 565 1233 ineptis
579 1135 738 1233 ineptum
755 1134 879 1231 vulgus
896 1146 1069 1224 moratur,
1085 1146 1137 1209 est

66 1282 152 1336 oum
182 1258 340 1332 Pascalio
372 1257 645 1354 Bossuetioque,
678 1257 895 1353 intelligendi
926 1268 960 1331 et
995 1258 1134 1332 dicendi

65 1381 279 1480 gravissimis
305 1380 512 1455 auctoribus
532 1390 566 1455 et
591 1380 782 1478 magistriS,
807 1381 1074 1478 comparandus.
1098 1381 1135 1456 Si

66 1503 229 1578 homines
250 1502 395 1578 omnino
421 1504 526 1578 rudes
553 1514 587 1576 et
612 1527 657 1578 ne
686 1503 809 1600 primis
837 1503 981 1600 quidem
1005 1503 1134 1577 artium

65 1627 249 1702 elementis
267 1627 412 1716 imbuti,
433 1650 557 1706 nonea
576 1649 714 1726 semper
732 1638 916 1700 moventur
934 1627 1133 1725 pulchritu-

67 1751 168 1840 dine,
187 1773 265 1846 quae
282 1773 321 1823 ex
342 1751 517 1842 colorum,
540 1773 708 1825 sonorum
731 1751 994 1846 formarumque
1015 1773 1136 1825 conve-

68 1873 200 1945 nientia
217 1873 405 1961 conflatur,
423 1874 686 1969 quantominus
704 1873 968 1971 pulchritudine
983 1896 1039 1963 ea,
1057 1895 1136 1969 quae

68 2017 108 2068 ex
126 1995 286 2068 idearum
302 1997 489 2070 eoncordia
508 2007 542 2070 et
560 2020 733 2071 consensu
750 1997 914 2070 inunum
931 1995 1135 2070 coeuntium

68 2118 243 2207 nascitur,
263 2119 353 2193 allici
368 2119 532 2217 possunt!
550 2120 618 2195 Sed
637 2123 742 2220 hujus
757 2121 892 2218 generis
907 2120 1134 2217 pulchritudo

68 2265 139 2316 non
159 2254 212 2317 est
229 2243 320 2346 ideo
333 2245 513 2341 neganda,
532 2246 612 2343 quie
634 2246 737 2342 vulgo
764 2269 836 2320 non
859 2246 1077 2341 agnoscitur,
1097 2254 1135 2317 ut

67 2364 163 2462 parvi
182 2387 253 2438 non
277 2374 361 2438 sunt
385 2365 588 2439 aestimanda
613 2389 652 2440 ea
677 2389 754 2463 quae
773 2364 1011 2439 mathematici
1029 2365 1135 2462 profi-

67 2500 187 2564 tentur
215 2491 451 2580 theoremata,
483 2492 576 2588 quod
607 2491 766 2565 homines
795 2490 980 2587 plerosque
1010 2490 1135 2579 latent,

68 2615 130 2711 qui
152 2637 191 2688 ea
218 2614 254 2687 in
273 2614 486 2689 obscuritate
511 2638 631 2690 rerum
655 2625 689 2690 et
706 2638 753 2689 ea
768 2614 946 2690 recondita
965 2615 1001 2687 in
1028 2614 1135 2688 disci-

68 2734 164 2833 plina
180 2757 250 2808 non
269 2745 463 2809 versantur.

118 2857 218 2942 Quod
246 2858 276 2931 si
303 2857 442 2930 nullum
469 2855 563 2931 aliud
591 2857 756 2932 haberem
780 2864 1046 2953 argumentum,
1073 2879 1137 2929 cur

67 2977 361 3076 philosophorum
384 2976 542 3051 instituta
570 2977 715 3074 poeticis
744 2976 959 3050 ornamentis
986 2999 1055 3050 non
1082 2999 1136 3050 re-

66 3119 226 3194 pugnare
244 3096 449 3185 arbitrarer,
468 3119 509 3171 eo
524 3097 575 3170 vel
597 3096 670 3170 solo
687 3119 799 3170 essem
818 3106 1024 3185 contentus,
1043 3096 1136 3193 quod

67 3220 236 3294 derebus
263 3220 421 3308 rusticis,
441 3221 569 3316 quibus
596 3243 718 3318 paucae
743 3221 918 3295 tenuiores
943 3232 1044 3309 sunt,
1065 3232 1137 3294 tam

68 3346 241 3420 luculenti
259 3368 378 3418 versus
398 3368 415 3418 a
434 3345 577 3441 Virgilio
594 3346 738 3420 luerunt
761 3345 901 3443 scripti,
917 3356 951 3418 et
969 3346 1062 3441 quod
1081 3369 1136 3420 ars

68 3471 222 3570 poetica,
242 3471 343 3568 cujus
364 3480 534 3567 praecepta
557 3471 650 3545 sicca
671 3471 816 3567 paulurn
839 3481 873 3543 et
891 3471 986 3544 arida
1004 3471 1137 3545 haben·

69 3604 148 3682 tur,
167 3603 237 3666 tam
252 3592 397 3667 feliciter
416 3617 433 3666 a
450 3593 576 3667 Flacco
592 3592 777 3689 Bolaeoque
792 3593 1029 3671 luittractata.
1048 3593 1137 3667 Cum

69 3717 162 3806 haec,
181 3715 440 3812 qualiacunque
459 3726 560 3804 sunt,
578 3716 620 3788 de
639 3715 769 3810 quibus
787 3715 928 3811 loquor,
951 3738 1020 3789 non
1037 3717 1137 3789 steri-

69 3835 139 3908 lem
158 3835 268 3931 poetis
285 3834 500 3932 praebuerint
520 3835 719 3924 materiam,
739 3835 896 3931 quamvis
916 3856 984 3907 non
1005 3834 1052 3907 ita
1071 3835 1138 3909 late
1200 3832 1210 3861 ²

69 3967 224 4055 pateant,
236 3957 404 4051 nequead
416 3957 686 4057 commovendos
698 3957 833 4031 animos
846 3979 1057 4054 magnopere
1070 3957 1140 4031 sint

69 4076 214 4164 idonea,
234 4075 320 4172 quid
343 4075 385 4149 de
404 4074 616 4150 sublimibus
638 4076 707 4150 illis
726 4076 873 4151 decretis
896 4100 936 4151 ao
956 4079 1138 4176 praeceptis

70 4197 342 4273 existimandum
365 4208 416 4271 est
442 4220 520 4294 quae
545 4221 626 4272 oum
653 4198 696 4272 ad
720 4199 831 4272 Deum
850 4199 995 4297 ejusque
1022 4202 1137 4298 provi-
