2970 5190
722 485 835 576 59,

212 653 275 729 per
292 640 438 705 constat.
454 630 584 704 Seneca
598 631 692 704 enim
707 653 801 704 nuuc
824 630 917 704 diem
933 632 1061 720 istum,
1078 655 1183 729 quem
1201 645 1280 707 tan-

212 774 321 850 quam
344 761 540 826 extremum
566 752 856 841 relormidamm,
881 749 1183 828 aeterni‘naulem
1209 757 1281 830 iore

213 874 413 965 contendit3
432 898 543 964 nuuc,
561 875 628 949 hac
646 874 688 949 de
703 875 875 949 sententia
895 875 1085 964 decedem,
1106 877 1173 950 hoc
1191 876 1282 951 lutu-

213 1017 295 1068 rum
318 1016 394 1085 esse
408 1005 487 1091 post
504 1016 567 1068 nos
586 994 679 1091 quod
698 1004 778 1068 ante
794 1017 857 1067 nos
872 993 978 1068 luerit
999 995 1110 1069 credit
1123 1006 1158 1070 et
1172 997 1281 1070 conli-

213 1125 318 1190 tetur.
332 1116 436 1192 Hunc
457 1139 529 1191 non
547 1116 723 1190 rhetorem
741 1116 873 1190 idcirco
890 1116 1053 1208 dixerim,
1072 1118 1168 1191 locos
1191 1140 1281 1214 quos

212 1248 335 1312 ornate
361 1238 537 1338 politeque
566 1247 690 1312 tractet
720 1247 976 1335 aucupantem,
1008 1240 1069 1313 sed
1098 1240 1279 1314 hominem

214 1360 303 1435 duas
317 1361 409 1437 inter
421 1363 619 1461 opinioneS,
635 1364 737 1452 utfit,
752 1363 1001 1452 fluctuantem,
1017 1376 1051 1438 et
1063 1387 1159 1438 nunc
1173 1366 1281 1454 hanc,
1307 1367 1328 1433 “.

212 1509 312 1560 nunc
343 1486 440 1561 illam
474 1487 661 1562 scribendo
690 1487 914 1562 evolventem.
945 1486 1022 1561 Sive
1052 1488 1088 1561 in
1118 1489 1282 1586 operibus

211 1629 310 1684 mere
327 1608 597 1708 philosophicis,
621 1609 691 1683 sive
709 1610 745 1682 iu
764 1609 891 1683 sabulis
918 1609 949 1684 ei
978 1609 1128 1684 adscribi
1154 1611 1280 1698 solitiS,
1325 1603 1328 1608 ’

210 1731 346 1806 Seneca
363 1731 406 1806 de
421 1743 551 1822 morte,
569 1732 599 1806 si
614 1755 684 1806 ncn
698 1741 922 1821 constanter,
943 1741 976 1805 at
993 1731 1102 1805 vivide
1117 1742 1152 1806 et
1169 1733 1280 1830 gravi-

210 1865 267 1930 ter
282 1854 459 1951 loquitur,
478 1855 590 1952 utqui
610 1876 687 1952 quae
703 1878 782 1929 vere
800 1855 948 1929 senserit
961 1855 998 1928 in
1016 1877 1170 1953 praesens
1190 1855 1283 1929 dicat

210 1984 249 2049 et
273 1974 443 2048 enuntiet.
468 1974 559 2059 Quid
585 1974 653 2048 hoc
675 1973 854 2047 Troadum
882 1974 1037 2048 carmine
1064 1975 1281 2048 mirabilius?

208 2097 433 2172 -Primum
447 2121 522 2172 rem
540 2097 576 2170 in
593 2097 854 2171 contentionem
869 2108 988 2172 vocat:

322 2269 421 2327 Verum
436 2266 497 2325 est?
510 2281 544 2324 au
562 2268 673 2325 timidos
688 2267 779 2325 fabula
797 2268 914 2340 decipit,

320 2364 436 2423 Umbras
451 2363 615 2435 corporibus
631 2363 721 2419 vivere
737 2363 875 2420 conditis?

322 2461 388 2517 Cum
402 2461 504 2530 conjux
517 2459 606 2516 oculis
620 2459 752 2530 imposuit
764 2473 890 2530 manum,

322 2562 527 2631 supremusque
542 2559 602 2616 dies
616 2558 723 2616 solibus
735 2558 856 2628 obstitit,

320 2654 353 2710 Et
365 2653 460 2709 tristes
476 2653 585 2708 cineres
599 2666 667 2707 urua
682 2638 818 2723 coercuit,

320 2745 379 2804 Neu
395 2745 509 2816 prodest
521 2745 638 2801 animam
656 2745 764 2801 tradere
778 2745 883 2815 funeri,

320 2836 372 2898 Sed
386 2844 473 2897 restat
485 2839 594 2896 miseris
607 2838 697 2895 vivere
711 2837 840 2909 longius?

279 2992 284 2998 ,
319 2935 358 2992 tin
370 2935 421 2991 teti
433 2933 577 3004 morimur,
591 2932 721 3004 nullaque
734 2947 799 3004 pars
812 2937 904 2988 manet

319 3026 427 3094 Nostri,
444 3039 506 3083 cum
519 3025 635 3096 profugo
649 3025 764 3095 spiritus
777 3025 865 3081 halitu

318 3121 456 3178 immistus
469 3121 579 3178 nebulis
593 3121 678 3176 cessit
695 3121 721 3176 in
736 3134 799 3177 aera
815 3164 822 3191 ,

319 3218 353 3276 ut
366 3217 469 3275 nudum
483 3217 573 3288 tetigit
586 3217 697 3274 subdita
709 3216 754 3273 tax
766 3217 840 3273 latus
852 3215 878 3272 ¹?

258 3371 448 3447 Neminem
466 3373 553 3468 fugit
571 3394 645 3446 rem
659 3394 731 3447 non
746 3372 862 3447 solum
881 3395 899 3445 a
916 3382 1015 3470 poeta
1034 3371 1163 3460 inisse,
1182 3393 1279 3446 more

206 3494 493 3591 dialecticorum,
508 3496 543 3568 in
558 3496 831 3570 controversiam
845 3507 1018 3585 vocatam,
1030 3495 1091 3568 sed
1105 3503 1184 3567 ante
1198 3517 1280 3567 ocu·

206 3617 280 3708 los,
298 3616 476 3714 pictorum
490 3617 579 3708 ritu,
597 3619 696 3714 quasi
715 3618 947 3716 propositam,
963 3628 1002 3690 ut
1016 3615 1147 3690 valdius
1162 3614 1276 3711 legen-

207 3741 302 3815 tium
319 3751 508 3839 occuparet
525 3752 559 3814 et
583 3741 774 3839 corriperet
791 3752 935 3816 mentes.
955 3739 1037 3813 Haec
1056 3739 1277 3836 conjux‘quae

209 3862 373 3961 conjugis
387 3862 518 3937 claudit
532 3864 672 3953 oculm,
690 3864 766 3937 haec
778 3887 867 3937 urna
886 3885 964 3959 quae
977 3873 1114 3936 coercet
1127 3861 1279 3951 cinereS,

209 3984 271 4058 bic
288 3983 433 4083 spiritus
451 3984 487 4056 in
501 4006 603 4058 auras
617 3985 769 4072 efflatus,
785 4007 864 4072 uos,
883 3983 1008 4056 invitos
1025 3983 1148 4068 etiam,
1169 3992 1280 4055 atten-

246 4221 257 4260 ¹
276 4221 394 4292 Troad,
409 4235 434 4278 v.
452 4225 513 4278 369.
