2970 5190
704 479 776 553 145

206 630 274 703 bus
293 636 490 725 prementes
509 625 610 700 nobis
626 627 793 716 ostendit,
812 636 847 699 et
863 625 985 700 eximie
1004 627 1170 703 describit
1188 631 1271 703 hor-

205 752 316 825 renda
334 750 492 836 somnia,
518 749 667 845 quibus,
690 759 768 846 post
786 758 922 823 tantum
949 751 984 822 in
1011 774 1121 847 genus
1148 753 1274 827 liuma-

205 896 295 947 num
316 871 508 944 admissum
528 871 657 959 scelus,
674 871 923 966 exagitantur¹.

258 991 467 1085 Nunquam,
499 989 621 1076 oredo,
650 989 842 1076 Homerus,
876 998 937 1062 aut
970 989 1058 1063 alius
1089 993 1276 1090 qnisquam

208 1123 330 1211 poeta,
349 1111 442 1208 apud
466 1121 618 1198 veteres,
639 1121 707 1182 tarn
738 1109 994 1184 miserabilibus
1012 1112 1123 1186 verbis
1144 1114 1276 1188 tristem

209 1234 397 1309 hominum
421 1234 551 1305 sortem
580 1241 787 1327 prosecutus
810 1241 879 1319 est,
904 1241 964 1303 aut
987 1253 1108 1306 eorum
1134 1247 1277 1309 cruenta

201 1355 402 1436 ,certamina
419 1365 489 1426 tam
509 1351 636 1425 acriter
654 1351 720 1424 luit
737 1363 944 1425 exsecratus.
960 1352 1055 1425 Nihil
1074 1354 1128 1428 liis
1147 1357 1277 1430 carmi-

196 1480 318 1554 nibus
346 1477 460 1551 simile
488 1485 568 1549 ante
600 1474 829 1547 novissimum
850 1475 1019 1549 saeculum
1046 1475 1216 1569 inveniaS,
1242 1479 1278 1553 in

210 1623 284 1698 quo
307 1600 357 1686 is‚'
389 1619 494 1694 quem
520 1597 684 1669 Lucanus
711 1595 802 1669 ordis
828 1619 966 1668 socrant
987 1619 1138 1670 autorem
1164 1601 1279 1673 nomi-

209 1733 292 1811 nat,
314 1731 349 1794 et
377 1741 483 1817 quem
510 1718 616 1816 primi
646 1718 744 1791 stoici
777 1718 1067 1814 praedicaverant,
1093 1719 1281 1797 hominum

210 1865 336 1917 rursus
372 1841 498 1915 invasit
526 1841 682 1929 animm,
713 1850 747 1914 ot
777 1839 900 1914 litteris
930 1863 1053 1914 noram
1089 1843 1279 1937 quamdam

212 1975 319 2061 atque
349 1961 543 2035 inauditam
572 1961 642 2034 vim
672 1960 815 2034 addidit.
847 1961 920 2034 Etsi
951 1960 1091 2034 timeam
1120 1985 1165 2036 ne
1192 1962 1279 2037 mihi

212 2084 295 2157 vitio
314 2083 435 2171 detur,
461 2082 555 2178 quod
583 2081 688 2154 nimis
717 2082 827 2154 multa
856 2103 938 2155 oum
964 2105 983 2156 e
1011 2083 1143 2157 caeteris
1168 2083 1279 2182 poetis

212 2202 352 2291 stoicis,
383 2212 459 2275 tum
489 2202 682 2299 praesertim
714 2224 732 2276 e
763 2201 905 2277 Lucano
937 2203 1184 2300 excerpserim‚
1216 2205 1280 2280 hos

213 2346 355 2422 quoque
373 2323 548 2421 proferam
564 2345 685 2396 uersus
712 2323 840 2420 quibus
858 2323 1026 2397 libertatis
1046 2347 1128 2398 oura
1150 2337 1185 2398 et
1210 2324 1281 2401 hn-

213 2446 312 2520 mani
344 2445 481 2541 generis
517 2445 665 2534 caritas,
700 2467 787 2540 quos
822 2468 944 2520 sensus
971 2446 1045 2542 jorn
1079 2456 1178 2520 antea
1211 2445 1281 2521 diri

214 2570 366 2644 maxime
385 2567 530 2657 stoioos,
548 2567 653 2640 simul
676 2568 929 2663 exprimuntur.
947 2567 1119 2663 Cogitanti
1138 2569 1282 2644 cuilibet

219 2698 345 2783 quanta
373 2697 407 2760 et
438 2708 543 2781 quam
573 2683 674 2780 longa
705 2684 867 2758 servitute
895 2707 1082 2782 oppressus
1110 2687 1283 2781 gemuerit

216 2807 368 2906 populus
395 2830 579 2906 romanus,
610 2807 686 2880 haeo
715 2806 834 2894 verba,
861 2828 931 2879 non
963 2807 1077 2880 solum
1102 2805 1280 2882 verissima

214 2928 444 3016 ridebuntur,
468 2926 528 3000 sed
554 2926 657 2999 etiam
687 2925 804 2998 nescio
829 2948 896 3020 qaia
923 2923 995 2997 dira
1020 2924 1283 3021 ptilohritudine

215 3048 398 3146 splendida
413 3074 419 3119 :

323 3210 413 3284 lllajus
425 3215 452 3270 iu
465 3215 515 3270 lrao
530 3215 602 3282 arie,
617 3227 697 3285 quam
711 3215 784 3285 qrrod
797 3229 847 3271 sua
861 3215 961 3271 sarcula
974 3215 1093 3284 terrent,

324 3311 431 3369 Vulnus
446 3310 549 3367 babent
564 3310 673 3381 populi3
688 3309 750 3380 ulus
762 3315 805 3366 est
818 3323 899 3381 quam
912 3312 981 3382 vita,
993 3312 1139 3382 salusque,

326 3407 404 3476 Quod
417 3408 503 3479 perit,
519 3409 546 3463 in
561 3412 649 3464 totum
663 3407 757 3463 mundi
769 3408 970 3478 prosternimur
982 3422 1085 3478 aevum3

326 3503 466 3559 tinuimur
477 3503 520 3559 his
534 3503 633 3574 gladiis
646 3504 751 3573 omnis,
766 3517 827 3573 quae
842 3504 955 3572 serviat,
968 3508 1045 3559 aetas.-

326 3600 451 3655 Prorima
464 3599 530 3669 quid
544 3599 669 3671 soboles,
683 3603 731 3655 aut
745 3598 811 3670 quid
823 3612 948 3655 meruere
964 3602 1079 3668 nepotes

326 3695 355 3748 lu
369 3707 483 3764 regnum
498 3693 596 3751 nasei?
599 3734 1018 3751 ..........

329 3832 748 3846 ..........
769 3793 833 3847 l‘ost
847 3791 941 3861 praelia
955 3790 1026 3845 natis

328 3889 354 3944 Si
370 3889 526 3961 dominum,
540 3891 659 3952 fortuna,
675 3891 775 3958 dabaS,
789 3895 817 3947 et
830 3890 901 3948 bella
913 3889 1039 3947 dedisses
1054 3888 1074 3942 ¹!

151 4084 154 4091 ’
260 4095 267 4122 ¹
282 4094 396 4164 Plectra,
412 4097 430 4152 l.
445 4099 506 4168 Vll,
521 4113 544 4150 v.
561 4101 621 4153 iot.

259 4186 393 4259 ²Plrnrs.,
408 4189 425 4244 l.
441 4191 503 4258 Vll,
518 4205 540 4244 v.
558 4194 617 4244 638.

321 4293 351 4343 F.
