2970 5190
703 491 776 565 130

254 632 338 711 Haec
353 635 624 732 Agamemnonis
650 635 753 710 uerba
776 636 885 712 stoica
902 637 1056 735 quadam
1074 639 1279 714 constantia

196 757 294 837 ,mihi
311 759 473 835 ridentur
488 752 661 858 insigniri:

344 960 406 1028 Quo
417 957 498 1029 plura
510 958 616 1030 possis,
629 957 711 1029 plura
722 958 860 1028 patienter
871 957 955 1015 teras.

345 1143 472 1204 violenta
483 1156 565 1202 nemo
577 1144 692 1216 imperia
703 1146 843 1202 continuit
854 1144 920 1202 din:

344 1237 485 1297 uerene
496 1238 606 1295 durant.
619 1240 735 1310 Quoque
747 1237 858 1296 lurtum
870 1238 956 1296 altius

344 1330 439 1387 Erexit
450 1342 483 1386 ae
498 1328 596 1387 levarit
612 1330 746 1388 humanas
758 1344 844 1401 opes,

344 1427 402 1482 lloc
417 1440 448 1482 se
461 1428 549 1497 magis
561 1427 730 1498 supprimere
743 1427 851 1485 felicem
863 1427 972 1485 decem.

251 1604 444 1682 Dissimiles
455 1607 599 1705 quidem
611 1630 776 1698 numero,
788 1607 851 1682 sed
866 1595 1037 1682 sententia
1048 1607 1121 1682 lere
1136 1606 1273 1684 similes

202 1729 333 1806 Seneca
348 1729 505 1806 condidit
515 1754 651 1822 versuS,
667 1754 751 1807 cum
765 1732 959 1807 stoicorum
977 1731 1080 1805 illum
1095 1753 1218 1827 regem
1235 1733 1273 1806 in

206 1850 349 1948 Thyeste
370 1850 564 1950 descripsit.
587 1851 656 1926 Sed
672 1852 755 1926 satis
773 1851 896 1926 mirari
915 1874 1050 1948 nequeo
1069 1852 1106 1926 in
1124 1874 1272 1926 scenam

203 1970 247 2046 ab
261 1993 303 2046 eo
320 1972 484 2047 inductos
499 1973 606 2048 luisse
623 1973 803 2064 homines,
817 1973 911 2048 Atrei
930 1973 1099 2069 aequales,
1117 1985 1152 2048 et
1164 1974 1274 2048 semi·

203 2090 310 2183 leros,
325 2093 407 2168 talia
422 2106 601 2184 canentes,
617 2117 688 2169 non
701 2118 802 2170 secus
820 2118 860 2170 uc
877 2096 918 2185 si,
936 2095 1076 2169 Zenone
1088 2095 1273 2190 magistro,

202 2214 433 2315 philosophiae
442 2241 585 2317 operam
604 2219 791 2295 dedissent.
811 2219 893 2294 Haec
911 2220 997 2294 dum
1015 2219 1110 2316 lego,
1127 2229 1273 2317 poetam

202 2337 305 2413 illum
315 2351 507 2432 recentem,
522 2342 551 2416 si
568 2343 597 2416 is
615 2342 720 2416 modo
732 2353 834 2439 poeta
847 2342 892 2416 sit
907 2341 1162 2432 nominandus,
1180 2341 1274 2417 mihi

202 2459 318 2560 legere
334 2463 462 2556 videor,
481 2466 562 2563 qui,
579 2466 723 2542 ineunte
743 2477 862 2541 octavo
880 2466 1018 2542 decimo
1033 2465 1185 2556 saeculo,
1206 2467 1272 2541 sso-

203 2586 292 2679 ruil,
314 2599 351 2664 el
372 2590 451 2686 qui,
470 2591 662 2666 Homerum
686 2615 768 2667 oum
795 2591 1100 2690 interpretaretur,
1127 2592 1272 2668 Graecos

203 2731 326 2787 omnes
339 2735 409 2787 una
424 2735 506 2789 voce
518 2714 666 2789 iaciebat
679 2713 890 2790 clamantes:
910 2714 1031 2800 «Quid
1045 2736 1116 2788 non
1129 2715 1274 2790 vincet?

202 2833 436 2934 Semetipsum
450 2837 541 2913 vicit
559 2865 577 2911 o
593 2837 726 2913 Eodem
744 2861 853 2937 prope
867 2839 972 2914 modo
983 2839 1021 2914 in
1038 2839 1171 2915 Seneca
1187 2839 1273 2914 eho·

203 2973 264 3029 rus
281 2956 465 3050 exclamat,
483 2980 566 3033 eum
584 2981 660 3034 esse
678 2981 757 3034 vere
775 2981 916 3057 regem:

434 3166 521 3233 Quem
533 3177 589 3221 non
604 3164 717 3222 ambitio
733 3166 883 3239 impotens,

434 3257 469 3314 Et
479 3271 620 3328 nunquam
635 3258 743 3316 stabilis
757 3259 835 3318 lavor

434 3356 514 3428 Vulgi
527 3358 678 3430 precipuis
692 3366 796 3431 moret,

433 3547 487 3617 Qui
498 3552 559 3606 tuto
573 3550 681 3621 positus
695 3550 771 3620 loco,

433 3642 507 3701 lnlra
520 3658 551 3702 se
566 3646 641 3703 videt
653 3647 759 3703 omnia:

433 3741 615 3812 occurritque
630 3755 682 3798 suo
696 3741 787 3799 libens

434 3834 515 3905 Fato,
528 3847 580 3893 nec
595 3835 720 3905 queritur
732 3832 821 3892 mori²

242 4107 325 4173 'Seu
342 4118 442 4175 Troas.
458 4133 483 4175 v.
497 4122 559 4180 tot.

239 4204 359 4301 'Ilicem
381 4209 500 4282 repere,
521 4229 546 4270 v.
561 4217 623 4271 aot,
