2970 5190
639 464 713 536 itu

143 615 318 690 dicentem
336 612 608 687 Themistoclem
621 624 656 686 et
669 610 842 686 Periclem
857 620 926 686 tota
942 611 1124 687 aberrasse
1139 613 1212 703 via,

141 737 271 836 quibus
294 733 420 835 manri
444 758 538 810 curae
565 735 696 810 moenia
716 716 824 830 quam
848 733 992 809 virtutes
1015 733 1213 810 Athenien-

142 860 236 936 sium
254 860 401 950 luerint,
420 869 454 934 et
476 856 538 957 qui
564 858 632 933 alio
659 859 695 931 in
722 857 800 932 loco
827 857 1099 932 celeberrimum
1121 857 1213 933 illud

141 982 245 1057 edere
267 1003 374 1056 ausus
401 991 454 1055 est
476 980 636 1069 effatum,
660 978 808 1078 populos
833 978 994 1054 videlicet
1017 980 1064 1055 ita
1093 980 1213 1056 solum

140 1105 215 1180 fore
232 1105 370 1194 beatos
389 1103 417 1178 si
436 1103 655 1202 philosophis
672 1125 838 1200 regnum,
856 1113 917 1178 aut
931 1103 960 1177 si
973 1103 1117 1200 regibus
1132 1105 1213 1202 phi-

142 1230 302 1328 losophia
318 1239 410 1304 esset
426 1229 628 1304 obventura.
642 1227 784 1303 Persius
802 1238 919 1302 autem
932 1229 1021 1302 mira
1038 1230 1214 1326 quadam,
1306 1308 1308 1314 ,

142 1365 183 1428 ιιι
193 1352 293 1443 solet,
305 1353 444 1428 dicendi
458 1352 692 1427 concitatione
707 1361 741 1425 et
755 1351 874 1424 vividis
887 1349 1101 1448 imaginibus
1114 1351 1215 1426 illam

142 1472 360 1548 liberrimam
380 1472 611 1569 eamdemque
634 1470 851 1545 verissimam
875 1469 1043 1568 expressit
1070 1469 1216 1545 senten-

142 1594 240 1669 tiam.
266 1593 320 1669 Ab
344 1593 524 1669 Alcibiade
545 1592 661 1667 adhuc
685 1589 904 1665 adolescente
930 1590 1023 1687 apud
1049 1601 1215 1665 nostrum

142 1715 303 1790 Socrates
329 1713 417 1812 petit
445 1736 509 1788 cur
537 1724 573 1788 et
597 1733 668 1809 quo
694 1711 803 1785 frctus
829 1733 885 1787 res
913 1710 1035 1809 populi
1062 1720 1217 1788 tractare

143 1838 241 1914 velit:

251 2015 365 2074 Scilicet
374 2013 516 2086 ingenium
528 2019 556 2070 et
568 2027 659 2071 rerum
674 2013 818 2085 pmdentia
831 2012 911 2072 velox

249 2114 318 2170 Ante
332 2111 405 2183 pilos
417 2111 507 2182 venit;
519 2109 636 2167 dicenda
650 2109 821 2180 tacendaque
835 2107 943 2167 calles?

251 2210 336 2279 Ergo,
350 2207 397 2264 ubi
411 2210 547 2264 commota
560 2205 649 2263 fervet
661 2205 805 2277 plebecula
819 2205 890 2275 bite,

250 2307 315 2363 Fert
328 2303 436 2361 animus
450 2302 547 2360 calidae
560 2301 661 2359 iecisse
676 2302 785 2359 silentia
801 2300 889 2358 turbae

249 2398 392 2468 Maiestate
407 2409 513 2455 manus.
529 2396 599 2466 Quid
614 2396 713 2453 deinde
726 2393 858 2466 toquere‘l
873 2393 1006 2463 Quirites,

252 2497 324 2568 Hoc,
338 2500 423 2567 puto,
439 2508 495 2552 non
504 2495 612 2566 justum
627 2497 685 2566 est;
698 2493 767 2550 iilud
780 2492 867 2564 male;
885 2491 989 2549 rectius
1001 2488 1077 2546 istud
1088 2487 1104 2545 ¹.

193 2661 240 2740 Ut
257 2664 299 2739 de
314 2664 409 2763 justo
427 2673 461 2738 et
478 2663 607 2761 injusto
621 2661 800 2760 judicare,
815 2681 957 2758 pravam
975 2652 1216 2731 multitudinis

145 2789 348 2887 opinionem
365 2788 560 2885 corrigere,
578 2787 620 2862 de
638 2786 767 2862 civium
784 2785 851 2859 vita
869 2794 1021 2858 statuere
1036 2779 1163 2854 audeat
1180 2786 1218 2854 et

144 2917 283 3012 ciprum
296 2916 379 2991 uitio
389 2914 572 3014 preripere
586 2915 695 3004 tireio,
712 2912 797 3010 quid
815 2910 978 3009 estquod
995 2920 1096 2984 antea
1114 2906 1217 2981 dedi-

145 3037 257 3112 cerit?
273 3035 368 3111 Nihil
384 3036 539 3110 omnino.
557 3033 792 3121 Quamobrem
806 3032 1036 3132 philosophus
1047 3029 1216 3128 juvenem

145 3159 304 3234 nominat
315 3159 497 3250 insanum,
513 3181 666 3256 eumque
677 3157 774 3232 inani
789 3155 952 3255 superbia
965 3165 1100 3230 tumere
1114 3151 1215 3227 sinit:

252 3347 322 3408 Dum
336 3363 370 3408 ne
382 3350 505 3409 deterius
521 3349 611 3422 sapiat
623 3350 762 3422 pannucia
775 3349 887 3421 Baucis,

252 3449 341 3516 Quum
355 3446 425 3505 bone
439 3447 574 3506 discincto
588 3448 739 3505 cantaverit
750 3447 838 3505 ocima
851 3459 941 3504 vernae
951 3441 968 3502 ².

196 3604 403 3710 Nunquam,
422 3614 547 3706 credo,
564 3624 665 3712 poeta
690 3614 877 3713 quisquam
903 3612 946 3686 de
969 3608 1144 3697 moribus,
1171 3605 1216 3683 de

71 3757 79 3768 ·
144 3739 240 3836 jure,
256 3740 299 3814 de
312 3740 450 3839 populis
466 3740 723 3839 sapientissimo
737 3741 864 3838 cuique
879 3735 1053 3835 regendis,
1069 3733 1215 3809 liberius

147 3870 182 3933 et
198 3861 401 3957 generosius
420 3861 559 3937 locutus
575 3873 636 3937 est.
656 3861 853 3961 Saepissime
880 3858 1022 3950 accidit,
1041 3855 1216 3932 recentio-
1272 3892 1274 3896 ⁴

188 4117 195 4152 ¹
208 4127 284 4183 Pers.
297 4129 368 4199 Sat,
381 4130 427 4200 lV,
439 4142 464 4186 v.
480 4130 505 4186 b.

185 4213 281 4276 'Pers
297 4222 368 4291 Sat,
384 4223 426 4292 tv,
440 4236 464 4278 v.
481 4227 525 4280 rt.
