2948 5220
615 523 663 597 43

109 674 321 748 haberemus
352 670 544 761 civitatem,
574 669 777 745 homiuibus
804 688 886 743 cum
915 667 985 741 Deo
1011 687 1172 741 commu-

109 819 209 886 nem,
227 796 347 891 inqua
363 816 467 867 nemo
486 815 557 867 non
583 793 672 868 liber
689 802 795 881 esset,
820 812 924 865 nemo
947 812 1019 862 non
1033 790 1170 887 justus,

109 930 143 993 et
160 918 261 1017 cujus
279 929 406 992 nostrae
424 919 479 991 hae
496 917 649 992 civitates
664 939 788 991 vanam
806 925 842 991 et
858 914 980 989 salsam
999 935 1111 1010 usque
1129 914 1174 988 ad

109 1044 178 1116 hoc
203 1053 342 1138 tempus
370 1040 668 1114 adumbraverunt
690 1038 890 1135 imaginem.
920 1037 1033 1123 Quam
1060 1037 1088 1111 si
1115 1058 1174 1110 vo-

110 1160 228 1235 lumus
249 1159 436 1256 aliquando
461 1159 627 1247 condere,
651 1157 694 1232 a'd
717 1158 938 1254 sempiternae
966 1155 1060 1230 illius
1087 1157 1173 1253 legis

110 1302 273 1354 normam
289 1279 382 1375 leges
400 1289 527 1351 nostrae
546 1278 759 1375 corrigendae
778 1288 876 1368 sunt,
899 1287 933 1352 et
951 1276 1096 1352 colenda
1114 1276 1173 1350 illa

109 1402 247 1499 generis
262 1401 409 1476 humani
422 1400 566 1491 caritas,
584 1423 651 1497 qua
667 1399 848 1475 homiuem
866 1421 1173 1496 unumquemque,

110 1547 181 1600 non
206 1525 310 1599 modo
328 1534 367 1598 ut
384 1524 542 1613 tratrem,
567 1523 629 1596 sed
646 1534 687 1598 ut
713 1522 868 1620 corporis
887 1520 1044 1620 ejusdem
1062 1544 1173 1596 mem·

110 1646 216 1720 brum
235 1644 413 1742 quoddam
428 1664 593 1717 curemus
612 1653 646 1717 et
662 1643 848 1718 foveamus.

159 1764 337 1851 Quantum
355 1762 499 1838 interest
522 1763 614 1838 inter
635 1762 743 1837 stoica
767 1762 827 1835 illa
850 1759 1026 1851 instituta,
1047 1759 1175 1858 quibus

111 1889 155 1963 ad
173 1888 304 1984 optima
323 1908 469 1984 quaeque
484 1885 854 1982 consequenda,·etad
867 1884 1036 1957 tuendam
1049 1883 1176 1957 huma-

106 2033 194 2112 nam
209 2008 428 2098 societatem,
442 2009 684 2098 accendimur,
700 2017 735 2082 et
748 2006 912 2106 epicurea
927 2007 991 2080 ista
1004 2016 1176 2105 praecepta

111 2157 189 2232 quae
203 2157 305 2209 nosa
329 2134 480 2232 publicis
498 2133 674 2209 deterrent
699 2132 828 2224 rebua,
853 2144 887 2207 et
908 2132 1009 2208 nobis
1028 2133 1177 2207 suadent

110 2266 152 2330 ut
165 2256 284 2330 nescio
302 2255 431 2352 quibus
449 2255 485 2328 in
502 2255 654 2329 hortulis
672 2253 825 2329 molliter
850 2253 1073 2342 recubantes,
1098 2275 1177 2328 nos-

112 2403 180 2477 que
198 2381 274 2455 sine
292 2381 457 2456 rivalibus
480 2392 654 2472 amantes,
679 2380 852 2472 vivamus,
875 2381 975 2477 quasi
1000 2381 1075 2456 haec
1098 2403 1177 2455 vere

111 2483 326 2579 nominanda
345 2504 390 2578 sit
406 2504 489 2595 vita,
511 2527 618 2601 quam
636 2504 702 2579 sibi
720 2504 784 2580 soli
806 2503 955 2600 quisque
971 2502 1075 2595 vivit,
1096 2504 1179 2579 alio·

112 2649 194 2701 rum
212 2625 359 2700 oblitusl

161 2745 417 2834 Quamobrem,
445 2767 527 2820 cum
547 2746 733 2821 Lucretius
760 2747 889 2837 Carus,
912 2747 1056 2846 Epicuri
1074 2746 1178 2822 disci·

113 2866 217 2964 plinae
234 2865 411 2956 addictuS,
430 2865 609 2962 egregium
622 2866 710 2941 illud
725 2868 844 2942 lecerit
858 2889 999 2965 poema,
1018 2867 1111 2964 quod
1127 2868 1179 2941 De

112 3002 239 3066 nature
256 3012 374 3065 rerum
391 2991 611 3081 inscribitur,
629 2993 742 3090 majus
762 2993 938 3090 quoddam
960 3003 994 3068 et
1011 3005 1179 3091 praestan-

112 3113 182 3187 tius
197 3136 306 3212 opuS,
321 3113 350 3187 si
372 3136 409 3187 se
425 3113 584 3188 vertisset
600 3114 643 3187 ad
661 3100 811 3205 stoi'cm,
832 3117 976 3190 sortasse
1003 3118 1180 3191 condidis-

113 3246 175 3309 set.
194 3228 307 3322 Quam
328 3235 422 3339 gravi
440 3247 475 3310 et
496 3236 726 3333 grandiloquo
751 3237 891 3312 dicendi
913 3261 1054 3335 genere,
1074 3263 1180 3337 quam

113 3361 232 3435 vividis
247 3360 509 3459 splendidisque
527 3361 704 3436 coloribus
722 3363 814 3437 hanc
836 3385 915 3437 vere
929 3365 1099 3438 artificem
1119 3365 1179 3439 de-

114 3486 281 3584 pinxisset
293 3497 471 3576 naturam,
487 3509 565 3583 quae
579 3509 761 3585 nunquam
776 3485 907 3561 viribus
922 3487 1039 3560 deficit
1049 3497 1180 3584 etquo-

115 3607 197 3680 tidie
215 3629 302 3680 nova
316 3605 461 3680 luminis
479 3606 515 3679 in
530 3629 607 3681 oras
620 3606 801 3706 profundit
819 3607 1028 3693 animantia!
1042 3607 1179 3693 Quanto
1213 3701 1214 3704 Ἴ

115 3752 198 3803 cum
222 3729 354 3825 fulgore
383 3727 482 3802 stoici
507 3727 602 3801 illius
628 3726 794 3826 sapientis
821 3728 1027 3824 imaginem,
1047 3727 1180 3802 ultimae

114 3851 320 3925 tradendam
346 3847 559 3945 posteritati,
587 3850 700 3924 aureis
728 3849 945 3925 carminibus
974 3850 1179 3940 effinxisset,

114 3995 155 4047 ac
169 3995 283 4047 mares
301 3950 544 4046 Romanorum
561 3971 697 4045 animos
713 3971 863 4046 acuisset
877 3972 920 4046 ad
935 3972 1095 4070 antiquas
1113 3973 1181 4046 vir-

114 4108 206 4171 tutes
221 4095 435 4171 renovandas
451 4094 541 4169 etad
561 4093 733 4186 civitatem
749 4096 969 4171 condendam
983 4120 1020 4170 re
1034 4088 1179 4172 romaita

116 4219 355 4322 Capitolioque
372 4218 560 4320 majorem!
584 4218 728 4298 Divinus
753 4219 846 4298 euim
866 4219 923 4297 ille
946 4230 1061 4313 vates,-
1084 4243 1180 4300 seve·
