2970 5190
707 546 754 620 tt

202 686 315 761 minas
335 691 588 785 comparavit¹,
607 691 636 762 is
658 690 822 764 fatebitur
841 690 1019 764 neminem
1045 714 1156 788 quum
1176 694 1272 789 apud

202 819 348 897 veteres
367 820 443 883 tum
470 811 563 909 apud
589 811 801 900 neotericos,
819 810 1002 886 mordaces
1018 834 1119 886 curas
1137 813 1272 909 quibus

202 956 333 1009 nocens
356 934 505 1032 quisque
526 945 710 1034 torquetur
727 935 951 1011 vividioribus
975 935 1189 1032 imaginibus
1207 961 1271 1012 ex-

186 1038 380 1157 pressisse.
404 1111 408 1117 -

219 1231 222 1237 -
252 1180 319 1254 Sed
334 1202 403 1253 non
419 1178 502 1252 satis
517 1187 568 1251 est
582 1179 764 1253 hominem
778 1179 868 1253 vitiis
882 1202 957 1254 esse
971 1202 1121 1254 vacuum
1136 1188 1171 1252 et
1184 1179 1273 1253 stul·

203 1301 277 1375 titia
300 1300 445 1374 omnino
465 1323 605 1375 carere:
629 1302 726 1375 hunc
748 1313 884 1399 oportet
901 1301 1065 1404 omnibus
1083 1301 1273 1376 subornari

201 1420 405 1511 virtutibus,
423 1420 514 1494 inter
528 1443 614 1517 quas
628 1420 784 1518 primum
798 1421 916 1496 locum
929 1432 1077 1520 occupat
1090 1420 1272 1496 fortitudo.

119 1571 124 1580 ·
203 1545 285 1620 Haec
303 1556 372 1634 est,
392 1545 584 1619 stoicorum
605 1545 749 1642 quidem
768 1546 957 1646 sententia,
982 1569 1060 1621 vera
1078 1546 1205 1634 virtus,
1231 1569 1273 1621 ex

203 1694 270 1768 qua
289 1671 364 1745 aliae
381 1693 505 1745 omnes
531 1670 719 1746 nominatae
744 1671 902 1761 luerunt,
929 1683 1059 1768 atquae
1083 1681 1135 1745 est
1151 1670 1273 1744 homi-

202 1816 289 1868 num
308 1803 441 1866 naturae
459 1795 610 1867 maxime
627 1793 902 1868 accommodata.
923 1793 1034 1878 Quam
1053 1792 1112 1889 qui
1132 1792 1274 1883 colunt,

203 1918 249 2008 ii,
277 1917 440 1992 omnibus
474 1917 640 1991 humanis
672 1917 776 1992 rebus
808 1940 878 2015 prae
904 1917 1050 2010 honesto
1077 1916 1274 2013 despectis,

205 2061 275 2113 non
295 2036 457 2112 dubitant
474 2038 585 2136 ipsam
605 2039 709 2112 vitam
734 2061 814 2114 vero
832 2039 1054 2137 impendere,
1072 2047 1106 2112 et
1122 2027 1187 2112 soli
1206 2038 1274 2111 ha-

204 2160 310 2235 bendi
320 2171 403 2233 sunt
415 2159 487 2232 viri.
504 2158 605 2244 Quod
618 2182 698 2233 cum
709 2158 873 2234 Horatius
886 2159 1035 2233 Flaccus
1047 2157 1275 2253 intelligeret,

205 2297 239 2362 et
254 2286 408 2360 nobilem
423 2284 519 2358 illam
538 2285 704 2383 sapientis
720 2285 910 2382 imaginem
928 2284 1029 2360 vellet
1044 2282 1275 2372 adumbrare,

205 2407 468 2506 praeclarissima
485 2406 642 2481 condidit
657 2405 824 2482 carmina.
843 2406 968 2482 Nonne
986 2406 1166 2502 antiquam
1181 2426 1277 2478 seve·

205 2553 351 2626 remque
375 2529 523 2604 Zenonis
549 2528 772 2628 disciplinam
790 2539 927 2605 revocat
951 2528 1010 2603 ille
1027 2527 1111 2604 (lato
1135 2527 1178 2601 de
1203 2550 1274 2630 quo

207 2653 353 2729 illustris
372 2663 483 2728 vates:

418 2841 845 2904 mmmmmmmm

418 2936 954 3000 mmmmmmmfflmffl?

254 3110 379 3185 Nonne
405 3107 561 3206 ejusdem
589 3104 783 3204 disciplinae
811 3113 1002 3202 praecepta,
1032 3102 1191 3201 quamvis
1218 3103 1275 3176 in-

207 3231 321 3320 scius,
339 3229 495 3326 Regulus
514 3227 667 3317 colebat,
690 3225 791 3323 cujus
808 3224 936 3300 miram
954 3223 1186 3299 constantiam
1203 3223 1277 3296 sin·

208 3349 320 3448 gulari
338 3348 489 3446 quadam
508 3347 695 3422 verborum
713 3343 927 3420 sublimitate
944 3343 1039 3417 idem
1059 3351 1160 3440 poeta
1177 3354 1277 3417 extu-

208 3475 264 3563 lit,
279 3474 364 3548 dum
377 3471 478 3546 nobis
492 3471 644 3546 ostendit
655 3471 835 3568 egregium
847 3469 949 3544 illum
960 3469 1074 3543 virum
1088 3466 1274 3564 conjugem

109 3597 114 3608 '
208 3607 242 3668 et
268 3594 396 3682 liberos
422 3617 439 3668 a
467 3615 504 3667 se
527 3604 780 3682 removentem,
811 3589 956 3665 consilio
983 3610 1165 3686 nunquam
1191 3587 1287 3661 alias'

209 3717 288 3791 dato
314 3717 470 3792 labantes
497 3728 613 3814 patres
631 3716 852 3805 firmantem,
878 3722 982 3810 atque
1008 3712 1145 3786 hostem
1163 3710 1279 3786 inlen-

212 3861 291 3911 sum
308 3837 453 3934 diraque
471 3835 643 3935 supplicia
658 3834 755 3908 vultu
774 3857 897 3910 sereno
917 3832 1142 3931 petentem³?

252 4090 584 4159 ¹fflwmmnffi

251 4183 610 4256 fflmffllffifflt

252 4279 604 4351 ³mmmmffltt
