2970 5190
602 558 645 630 dl

93 722 201 797 quam
227 699 362 771 infinita
389 721 508 773 rerum
534 678 684 774 natura?
709 699 800 785 Quid
827 712 944 774 autem
973 700 1157 798 pulchrius

93 840 201 914 quam
217 817 432 891 immensum
446 818 534 891 illud
550 841 677 917 corpus
693 842 712 892 a
725 819 811 906 Deo,
825 830 992 916 tanquam
1007 844 1026 894 a
1041 831 1159 893 mente

91 950 222 1016 aeterna
236 940 456 1038 perfectaque
469 941 619 1030 ratione,
632 941 828 1014 animatum
839 942 945 1015 simul
954 954 988 1015 et
1000 942 1160 1015 rectum?

92 1062 133 1136 ld
150 1063 246 1136 enim
264 1063 366 1159 vulgo
384 1064 513 1138 dicitur
537 1065 743 1162 pulchrum,
767 1064 804 1136 in
829 1087 942 1160 quoe
966 1063 1158 1137 multarum

92 1174 334 1263 convenientia
353 1211 472 1262 rerum
490 1188 577 1262 ordo
601 1187 753 1261 elficitur
776 1186 964 1274 mirabilis,
983 1209 1053 1259 non
1072 1185 1158 1258 defr-

92 1309 207 1383 ciente
228 1309 261 1382 ri
287 1308 438 1405 quadam
464 1309 620 1398 interna,
647 1332 715 1405 qua
741 1318 854 1382 totum
881 1307 968 1381 illud
994 1318 1055 1379 aut
1079 1328 1159 1380 vere

91 1429 215 1526 spiret,
233 1440 295 1503 aut
312 1430 445 1527 spirare
461 1429 631 1504 videatur.
1157 1435 1193 1492 θ
1231 1490 1236 1497 .

139 1549 325 1625 Neminem
348 1553 436 1648 sugit
459 1563 632 1650 quantum
657 1553 788 1627 Fenelo
806 1563 925 1627 noster
941 1552 1034 1624 hanc
1052 1550 1157 1624 mire-

88 1684 150 1748 tur
166 1675 441 1772 philosophiam,
459 1700 567 1773 quam
590 1675 786 1750 fabulosam
805 1661 963 1750 nominat
978 1674 1156 1748 eamdem·

89 1820 161 1893 que
186 1799 422 1894 magnificam.
450 1797 669 1883 Quinetiam
696 1799 938 1871 animadvertit
962 1795 1156 1870 illustrissi-

89 1941 173 1993 mus
191 1920 250 1992 ille
265 1921 416 2018 scriptor
435 1921 542 2017 hujus
560 1920 791 2017 philosophiae
808 1921 1034 2016 interpretem
1053 1917 1158 1990 luisse

87 2040 300 2136 Virgilium,
317 2051 352 2114 et
380 2041 534 2138 insignes
561 2043 624 2116 hos
644 2042 743 2114 affert
758 2064 896 2128 versus,
915 2063 1003 2137 quos
1030 2038 1157 2112 stoicos

85 2162 198 2237 simul
216 2174 251 2237 et
267 2163 463 2260 platonicos
480 2186 556 2238 esse
571 2164 677 2238 dicit:

197 2369 267 2426 Esse
282 2368 381 2439 apibus
395 2373 500 2439 partem
513 2367 613 2423 divina
626 2367 727 2422 mentis
740 2372 769 2422 et
781 2367 898 2422 haustus

197 2464 357 2534 AEthereoS,
369 2464 479 2534 dixere3
492 2464 573 2520 deum
587 2477 704 2533 namque
717 2463 757 2518 ire
770 2477 820 2533 per
832 2476 928 2519 omnes

195 2557 310 2624 Terras,
324 2562 485 2626 tractusque
500 2556 598 2627 maris,
611 2555 768 2625 coelnmqne
782 2550 965 2626 profundum:

196 2653 267 2709 Hinc
282 2653 417 2723 pecudes,
433 2660 569 2722 armenta,
581 2654 670 2722 viros,
683 2666 772 2722 genus
785 2666 865 2708 omne
877 2652 1009 2721 serarum,

195 2747 337 2816 Quemque
349 2745 404 2802 sibi
416 2752 515 2803 tennes
528 2750 689 2802 nascentem
703 2759 844 2802 arcessere
858 2746 928 2802 ritas
943 2747 959 2800 ¹.

136 2929 231 3003 Dum
243 2928 399 3026 epicurei
416 2952 637 3027 quaecunque
651 2930 808 3004 videmus
826 2954 845 3003 e
862 2930 1005 3004 fortuito
1022 2943 1156 3006 atomo-

85 3076 169 3127 rum
188 3075 364 3127 concursu
383 3054 534 3127 credunt
547 3075 623 3127 esse
640 3063 739 3141 nata,
757 3067 791 3127 et
805 3053 971 3152 pleraque
989 3053 1057 3127 vita
1075 3076 1154 3128 om-

84 3178 173 3250 nino
191 3198 332 3266 carore;
349 3176 449 3249 stoici
474 3186 594 3250 contra
619 3175 737 3248 omnia
762 3174 893 3248 coelesti
911 3175 1062 3272 quadam
1083 3185 1155 3248 arte

82 3298 167 3373 ficta
183 3319 263 3373 esse
278 3309 314 3372 et
329 3299 374 3372 ab
390 3299 468 3396 ipso
493 3298 566 3372 Deo
593 3298 740 3372 animari
768 3297 991 3372 arbitrantur.
1017 3298 1155 3394 ltaque,

84 3428 220 3513 quanto
231 3415 433 3490 inanimatis
446 3416 599 3490 animata
614 3426 648 3489 et
660 3416 868 3489 inordinatis
881 3417 1038 3489 ordinata
1053 3439 1156 3512 praes-

84 3547 179 3626 tant,
194 3548 293 3613 tanto
306 3539 555 3636 epicureorum
578 3538 774 3632 disciplinae
788 3539 980 3612 stoicorum
996 3537 1154 3633 discipli-

85 3680 170 3731 nam
187 3656 455 3754 pulchritudine
469 3668 634 3754 praestare
652 3679 788 3731 censeo.

100 3840 103 3845 .
132 3778 170 3852 Si
187 3778 271 3875 quis
286 3779 375 3852 sorte
388 3780 634 3854 existimaverit
651 3781 789 3854 fortuna
808 3779 866 3852 illa
885 3781 976 3852 varia
995 3793 1029 3852 ot
1047 3802 1156 3867 caeca,

84 3896 129 3971 de
142 3920 215 3994 qua
232 3896 429 3995 loquuntur
450 3900 623 3998 epicurei,
641 3899 767 3974 melius
786 3900 858 3994 regi
876 3923 995 3973 rernm
1013 3900 1155 3973 univer-

85 4023 226 4099 sitatem
243 4046 352 4121 quam
362 4028 457 4100 c'erta
470 4036 506 4100 et
519 4025 754 4099 indissolubili
770 4026 938 4099 Fatorum
955 4025 1030 4121 lege
1047 4049 1153 4122 quam
1250 4128 1253 4133 Ι

122 4270 224 4343 ¹rng.
246 4270 364 4345 Gerre,
380 4272 400 4329 Ι.
412 4272 459 4343 lv,
470 4286 497 4329 v.
511 4277 573 4331 ²2⁰.
