2970 5190
711 508 758 581 45

205 658 471 736 contemnendis
502 659 680 732 doloribus
710 670 813 754 atque
840 658 1094 754 voluptatibus,
1120 659 1266 734 modum

205 784 412 873 excessisse,
429 794 463 857 et
480 782 523 856 ad
541 783 577 857 id
590 782 789 858 iaciendum
801 793 979 878 grassante
991 782 1027 856 in
1044 782 1117 857 dies
1132 782 1266 858 luxuria

205 906 311 979 fuisse
329 901 520 1000 impulsos;
538 924 620 975 narn
640 901 758 995 nimiis
774 901 864 975 vitiis
883 902 1010 999 quibus
1033 902 1194 976 homines
1211 903 1267 975 in·

204 1024 285 1099 fecti
299 1032 415 1111 erant,
427 1021 545 1095 nimiae
556 1022 699 1095 virtutes
713 1029 812 1094 erant
825 1020 1058 1118 opponendaa;
1072 1030 1107 1094 et
1118 1020 1185 1093 nisi
1196 1043 1268 1094 mo-

206 1168 277 1236 res
298 1144 404 1219 semei
425 1144 617 1241 depravati,
635 1145 732 1241 prins
750 1142 786 1215 in
806 1142 1021 1217 contrarium
1041 1142 1162 1217 deflexi
1184 1141 1268 1217 iuis·

206 1277 301 1355 sent,
320 1264 446 1362 corrigi
466 1287 687 1362 nequaquam
706 1274 877 1362 poterant.
896 1258 1058 1337 Attamen
1077 1286 1179 1338 nemo
1198 1286 1268 1336 non

205 1388 352 1461 fateatur
370 1409 512 1461 necesse
530 1399 582 1461 est
599 1397 737 1461 nostros
755 1387 819 1460 hos
838 1385 1082 1483 philosophos,
1099 1386 1185 1460 dum
1203 1385 1270 1457 im-

205 1509 405 1596 moderata,
431 1492 535 1582 nimis
555 1508 622 1582 alta
640 1519 674 1583 et
692 1531 798 1606 supra
823 1509 1016 1582 humanam
1034 1507 1146 1604 posita
1164 1516 1270 1580 natu·
1362 1527 1365 1532 ·

206 1654 282 1704 ram
301 1641 485 1728 appetunt,
504 1631 635 1727 aliquid
654 1631 777 1705 durius
794 1641 828 1704 et
842 1630 1009 1727 grandius
1023 1629 1109 1703 inse
1125 1629 1270 1718 habere3

207 1776 289 1828 cum
307 1763 424 1828 antem
443 1754 535 1851 quod
555 1755 719 1829 affectant
739 1756 775 1829 id
798 1778 834 1829 se
852 1777 927 1829 esse
950 1765 1156 1829 consecutos
1175 1753 1271 1827 arbi·

205 1887 362 1965 trantur,
381 1899 439 1951 eos
458 1887 534 1950 tum
556 1877 670 1950 efferri
695 1878 923 1966 insolentius,
946 1888 978 1951 et
999 1876 1170 1951 diabolica
1189 1875 1270 1963 ista,

206 2021 313 2096 quam
333 1999 381 2072 eis
399 1999 578 2073 Pascaiius
594 1998 740 2097 objecit,
755 1999 869 2073 inflari
883 1999 1056 2097 superbia.
1073 1998 1158 2072 Inde
1177 1997 1272 2094 (quia

205 2121 321 2194 vultus
349 2120 473 2209 animi,
502 2131 542 2194 ut
568 2120 762 2195 rectissime
793 2122 858 2195 suit
888 2121 1049 2208 definita,
1076 2120 1186 2194 oratio
1210 2119 1273 2215 est)

206 2263 304 2314 nunc
320 2250 520 2314 contortum
539 2251 572 2314 et
590 2241 791 2337 quaesitum,
810 2262 906 2315 nunc
930 2240 1106 2316 tumidum
1122 2250 1156 2315 et
1169 2239 1272 2312 infla-

206 2377 283 2441 tum
302 2366 439 2440 dicendi
454 2389 575 2462 genus.
592 2367 743 2441 Eosdem
761 2389 841 2441 vero
858 2367 1021 2441 homines
1039 2366 1117 2463 quis
1131 2387 1202 2439 non
1220 2365 1272 2437 vi-

207 2488 284 2577 det,
299 2488 384 2561 dum
403 2466 547 2581 affectus
565 2511 688 2563 omnes
705 2489 826 2563 volunt
843 2512 882 2563 ex
899 2488 1017 2562 animo
1032 2487 1170 2585 penitus
1189 2509 1272 2561 con-

206 2611 302 2699 velli,
322 2621 383 2685 aut
399 2611 498 2686 nullo
514 2613 622 2686 animi
640 2623 738 2688 motu
753 2635 790 2686 se
810 2611 978 2686 concitari
994 2633 1173 2708 passuros,
1188 2620 1274 2684 etse

207 2743 313 2822 totos,
332 2733 447 2829 quoad
473 2734 549 2808 fieri
579 2734 714 2824 iicebit,
737 2735 938 2808 addicturus
961 2732 1113 2806 rationi‘i
1135 2731 1209 2816 Quo
1234 2753 1273 2804 ex

207 2852 302 2926 sonte
325 2851 413 2926 fluat
436 2874 577 2927 necesse
604 2863 673 2943 est,
697 2853 725 2926 si
754 2853 858 2928 modo
880 2852 985 2927 verbo
1002 2852 1112 2948 fluere
1139 2850 1197 2924 hic
1220 2849 1272 2922 uti

206 2980 301 3044 recte
324 2992 487 3067 possum,
513 2970 656 3068 frigida,
683 2973 795 3063 sicca,
818 2972 936 3070 jejuna
960 2972 1120 3069 quaedam
1144 2971 1272 3059 oratio,

208 3111 287 3186 quae
304 3100 363 3162 aut
380 3113 458 3163 raro
473 3100 533 3164 aut
550 3114 733 3187 nunquam
751 3092 935 3167 exsultabit
950 3092 1127 3167 audacius.
1146 3092 1286 3189 Igitur,¹

207 3210 345 3286 etiamsi
362 3210 480 3285 stoicis
499 3212 716 3308 contingeret
734 3224 773 3287 ut
797 3236 901 3312 opera
918 3215 1110 3289 conderent
1129 3213 1272 3287 rationis

208 3329 346 3426 legibus
368 3353 475 3426 quam
498 3331 647 3406 maxime
666 3335 948 3424 accommodata,
969 3344 1003 3409 et
1020 3356 1171 3430 quorum
1193 3354 1273 3429 par-

208 3465 277 3542 tes,
293 3453 368 3543 sine
385 3453 456 3527 ulla
473 3453 721 3553 discrepantia,
736 3456 828 3531 inter
842 3481 878 3532 se
893 3457 1133 3546 convenirent,
1149 3455 1274 3529 nihilo-

207 3576 328 3649 minus
347 3575 511 3674 operibus
533 3577 777 3675 hujuscemodi
801 3591 961 3654 tenerum
980 3580 1157 3677 quoddam
1176 3577 1275 3652 dees-

211 3708 264 3772 set
281 3708 315 3770 et
332 3696 553 3794 miserabile,
568 3700 663 3796 quod
681 3701 866 3775 hominum
885 3702 1033 3776 delectat
1048 3713 1082 3776 et
1098 3709 1276 3798 permovet

210 3816 511 3912 animos‚.eosque
532 3840 743 3916 quocunque
764 3821 837 3894 vult
853 3822 953 3918 rapit.
977 3822 1098 3918 Itaque
1112 3821 1197 3895 tales
1211 3820 1275 3893 viri

209 3943 399 4039 perfectam
428 3943 525 4017 illam
558 3967 701 4041 poeseos
735 3946 904 4036 sormam,
932 3970 1037 4043 quam
1068 3946 1275 4043 cogitatione

210 4076 348 4140 tantum
380 4069 623 4166 concipimus,
652 4069 750 4145 nulio
785 4071 889 4146 modo
920 4082 1062 4169 possent
1090 4072 1273 4167 effingere,

212 4210 314 4260 nam:
