2970 5190
613 519 660 590 29

151 662 228 737 Non
245 661 362 735 solum
381 662 512 736 Seneca
529 685 646 737 veram
662 673 697 737 ct
714 686 791 760 quae
805 663 1093 762 philosophantes
1109 665 1169 738 de-

103 793 178 857 ceat
195 782 431 881 eloquentiam
446 783 655 880 cogitatione
671 784 737 858 sibi
755 785 873 881 lingit,
891 784 952 859 sed
975 785 1168 882 plurimos,

103 927 231 1001 eosque
262 905 406 993 stoicos,
441 903 560 978 laudat
593 903 840 1002 philosophos,
874 905 935 1001 qui
970 905 1170 980 incredibili

103 1030 256 1128 quodam
275 1029 413 1104 dicendi
432 1031 566 1128 impetu
585 1029 765 1105 audientes
783 1030 867 1106 boni
885 1030 1169 1141 qmorexindam-

103 1152 257 1226 mebant.
290 1151 397 1246 cEgo
415 1161 523 1240 certe,
548 1150 678 1247 inquit,
703 1173 786 1225 cum
811 1150 967 1226 Attalum
991 1151 1168 1238 audirem,

102 1275 253 1363 invitia,
282 1273 317 1347 in
347 1295 497 1362 errores,
524 1273 561 1346 in
587 1273 679 1347 mala
705 1273 782 1348 vitae
808 1284 1051 1371 perorantem,
1077 1296 1169 1373 saepe

103 1397 268 1471 misertus
283 1419 362 1470 sum
375 1396 512 1492 generis
525 1395 688 1486 humani,
702 1409 736 1470 et
749 1396 850 1470 illum
865 1397 1054 1472 sublimem
1069 1397 1170 1472 altio-

102 1541 249 1615 remque
261 1519 418 1592 humano
435 1517 571 1614 fastigio
590 1516 761 1591 credidi.»
777 1560 826 1572 -
840 1517 923 1592 Haeo
941 1540 1012 1592 non
1026 1529 1109 1593 sunt
1127 1518 1170 1595 de

102 1643 175 1716 viro
192 1640 316 1741 frigide
330 1651 364 1715 et
377 1641 499 1740 jejune
514 1641 668 1732 dicente,
686 1652 720 1715 et
737 1642 827 1732 suiS,
844 1653 884 1716 ut
897 1643 1012 1734 aiunt,
1031 1666 1068 1717 se
1082 1668 1171 1742 pun-

102 1771 205 1858 gente
222 1761 463 1863 acuminibus,
481 1761 542 1836 sed
561 1762 603 1836 de
617 1762 706 1851 viro,
727 1761 786 1836 oui
802 1784 873 1838 non
891 1763 990 1838 video
1008 1763 1093 1860 quid
1111 1764 1171 1839 de·

102 1885 224 1976 suerit,
242 1897 281 1959 ut
298 1885 426 1959 nostris
448 1885 645 1960 oratoribus
665 1886 774 1960 sacris
792 1896 883 1960 esset
900 1887 1133 1961 conferendus
1144 1890 1168 1959 ¹.

151 2006 202 2081 Ne
217 2006 294 2103 quis
312 2006 400 2080 sorte
419 2005 606 2080 crediderit
623 2006 751 2081 stoicos
769 2007 1022 2103 eloquentiam,
1043 2017 1081 2080 ut
1093 2030 1171 2103 qnae

103 2154 166 2230 pro
193 2131 361 2228 sapientia
388 2119 603 2229 propugnet,
629 2130 848 2221 toleravisse,
874 2131 1006 2229 poesim
1036 2141 1168 2224 autem,

103 2267 283 2331 utranam
302 2280 377 2330 rem
405 2267 439 2331 et
465 2256 707 2352 nugatoriam,
733 2256 890 2330 funditus
917 2256 1169 2354 repudiavisse,

104 2377 269 2454 eumdem
286 2379 388 2453 illum
401 2378 570 2454 Senecam
588 2379 707 2453 audiat
724 2378 989 2475 praedicantem,
1013 2378 1171 2453 carmina

104 2503 140 2576 in
159 2527 195 2578 se
212 2502 341 2577 habere
355 2503 424 2576 vim
440 2502 630 2599 quamdam
649 2501 911 2577 ineluctabilem
927 2525 995 2599 qua
1008 2502 1170 2577 homines

104 2623 263 2721 plerique
277 2623 325 2697 ad
340 2620 555 2697 credendum
578 2622 823 2719 impellantur,
841 2622 888 2695 ita
910 2631 950 2695 ut
968 2645 1169 2711 assensum,

106 2768 211 2841 quem
229 2744 312 2818 solis
331 2743 477 2818 subnixa
500 2743 694 2817 rationibus
714 2766 784 2817 non
803 2743 1012 2818 obtinuisset
1029 2754 1170 2819 senten·

105 2867 171 2956 tia,
198 2889 280 2942 eum
311 2866 468 2942 numeris
496 2865 661 2940 adstricta
687 2876 721 2939 et
750 2865 881 2940 vibrata
910 2866 1171 2964 quodammodo

105 2998 325 3088 extorqueat:

213 3187 264 3242 uls
276 3185 389 3241 minimo
403 3187 465 3256 eget
478 3183 615 3255 mortalis,
630 3183 678 3255 qni
691 3183 831 3242 minimum
845 3184 941 3256 cupit:

212 3283 292 3354 Quod
305 3283 363 3340 vult
376 3281 471 3351 babet,
485 3281 531 3352 qui
546 3281 616 3338 velle
629 3281 702 3352 quod
715 3282 784 3339 satis
798 3285 841 3338 est
856 3286 956 3353 potest.

158 3453 277 3529 «Cum
302 3454 395 3539 baec,
418 3452 552 3550 inquit,
579 3463 683 3549 atque
714 3452 888 3550 ejusmodi
919 3452 1101 3542 audimus
1131 3455 1175 3529 ad

106 3579 361 3655 consessionem
391 3577 543 3651 veritatis
574 3576 795 3652 adducimur.
831 3577 886 3651 llli
917 3577 1012 3652 enim
1044 3577 1175 3674 quibus

106 3703 195 3778 nihil
210 3703 293 3779 satis
306 3713 374 3789 est,
394 3701 630 3793 admirantur,
648 3703 860 3794 acclamant,
876 3702 998 3779 odium
1011 3704 1173 3811 pecuniae

108 3823 270 3914 indicunt
281 3823 305 3901 2.

144 4069 230 4129 ¹Vide
240 4069 382 4140 exquisitae
390 4068 522 4127 doctrinae
533 4068 697 4140 opusculum
705 4070 779 4141 quod
787 4070 956 4142 inscribitur,
967 4075 1012 4127 De
1021 4068 1053 4128 ta
1062 4077 1175 4130 morule

105 4171 244 4241 prolique
256 4166 334 4223 dans
346 4165 387 4222 les
397 4166 493 4224 lettres
506 4165 688 4239 desuntque,
701 4180 753 4238 par
764 4168 794 4226 G.
807 4167 923 4228 Martha.
936 4168 1041 4226 strasb.
1056 4171 1138 4236 4854.

144 4259 155 4298 ²
170 4263 234 4319 Son.
248 4263 340 4334 Epist.
354 4264 416 4318 los.
