2970 5190
547 879 921 957 GOHGLUMO.

252 1117 300 1189 Ex
319 1115 373 1188 bis
391 1113 555 1187 omnibus
574 1112 809 1207 colligendum
828 1124 896 1199 est,
917 1121 955 1183 ut
973 1110 1114 1206 opinor,
1133 1110 1267 1181 stoicos

203 1254 426 1330 nequaquam
453 1232 587 1330 poesim
607 1253 789 1305 romanam
817 1229 1056 1315 inclinavisse,
1083 1239 1118 1301 et
1143 1227 1178 1299 in
1207 1250 1271 1301 eos

202 1378 385 1454 perperam
404 1354 527 1429 collata
546 1355 652 1428 luisse
671 1355 749 1426 vitia
769 1376 847 1449 quae
865 1353 995 1425 litteras
1009 1353 1081 1448 jam
1109 1361 1182 1423 tum
1213 1373 1271 1422 se-

203 1483 384 1549 nescentes
402 1474 607 1547 invaserant.
632 1472 724 1559 lmo,
745 1493 855 1567 quum
874 1471 989 1544 omnia
1010 1471 1079 1543 lere
1098 1468 1270 1542 dissoluta

201 1595 237 1668 in
254 1595 352 1692 pejus
366 1606 509 1668 ruerent
523 1604 557 1667 et
570 1593 822 1681 dilaberentur,
838 1594 913 1666 haec
928 1603 1038 1680 secta,
1053 1590 1096 1664 ad
1111 1581 1272 1686 t‘ampuS,

203 1698 381 1811 poeticum
397 1711 483 1786 aluit
505 1733 545 1785 ac
569 1712 736 1784 sustinuit
759 1711 937 1807 spiritum3
958 1710 1086 1805 quippe
1110 1730 1189 1804 quae
1215 1707 1273 1779 in-

202 1833 303 1928 genia
320 1834 423 1907 unice
445 1832 559 1907 verbis
577 1834 710 1906 intenta
729 1831 844 1905 adres
870 1830 1076 1904 converterit
1101 1840 1134 1902 et
1152 1830 1275 1903 homi-

203 1980 291 2031 num
309 1957 487 2030 mentibus
505 1967 608 2051 atque
631 1955 757 2028 animis
783 1954 990 2029 valentiores
1010 1952 1198 2048 praebuerit
1217 1953 1274 2027 ci-

204 2078 279 2154 bos.
298 2078 447 2166 Manilii,
462 2079 591 2168 Persii,
605 2078 800 2166 luvenalis,
819 2077 953 2150 Lucani
969 2076 1082 2149 evolve
1096 2086 1131 2148 et
1147 2089 1275 2150 excute

205 2218 332 2295 opera;
359 2195 446 2268 nihil
466 2196 514 2269 ibi
532 2197 573 2268 iis
592 2196 676 2269 locis
696 2194 972 2292 comparandum
992 2195 1161 2291 reperies,
1181 2218 1275 2291 quos

204 2325 246 2389 ut
261 2335 342 2388 suos
360 2314 522 2387 Porticus
540 2314 607 2388 sibi
626 2314 705 2412 jure
726 2315 896 2403 vindicat;
919 2315 1174 2410 etquicunque
1194 2339 1277 2389 ver-

206 2459 265 2511 sus
285 2434 505 2533 disciplinam
521 2436 665 2510 stoicam
681 2436 877 2511 redolentes
892 2460 931 2509 ex
945 2437 1072 2509 horum
1088 2449 1277 2534 poetarum

207 2557 344 2654 scriptis
372 2558 584 2648 detraheret,
607 2559 702 2632 hunc
730 2560 779 2633 ais
806 2559 955 2633 fatebare
983 2583 1053 2633 non
1078 2559 1278 2635 resarcien-

208 2683 293 2758 dum
309 2683 498 2757 allaturum
516 2706 590 2757 esse
606 2683 866 2757 detrimentum.

255 2803 388 2878 Cuncta
416 2804 523 2901 igitur
548 2804 583 2877 in
611 2803 801 2877 stoicorum
832 2803 974 2885 historia
1001 2803 1066 2876 sibi
1094 2815 1276 2895 constant,

208 2948 274 3000 nee
298 2926 491 3023 quidquam
519 2925 558 2999 in.
582 2949 620 2999 ea
639 2926 754 3000 videas
773 2927 865 3023 quod
892 2927 1024 3001 caeteris
1051 2927 1227 3024 discrepet
1242 2938 1276 3001 et

210 3048 456 3122 disconveniat.
475 3050 554 3123 Non
572 3049 686 3124 solum
705 3050 799 3122 enim
819 3050 861 3124 de
885 3051 1043 3124 moribus
1061 3062 1094 3122 et
1119 3051 1162 3123 de
1188 3048 1276 3145 legi·
1368 3036 1375 3049 “

210 3167 293 3257 bus,
311 3169 405 3265 quod
423 3192 526 3243 nemo
542 3171 611 3244 lere
635 3171 766 3244 vocavit
783 3171 818 3243 in
839 3170 1003 3258 dubium,
1022 3170 1082 3244 sed
1101 3172 1205 3242 etiam
1232 3169 1275 3243 de

211 3290 334 3363 littaris
352 3290 441 3364 bene
465 3303 680 3364 meruerunt.
709 3291 791 3381 Qui,
810 3292 1011 3366 bominibus
1029 3291 1273 3399 perditissimis

212 3410 415 3509 reipublicae
428 3412 665 3507 gubernacula
681 3413 928 3503 tractantibus,
946 3403 1143 3487 inviolatam
1164 3436 1276 3486 serva·

212 3543 337 3605 verunt
353 3533 546 3606 humanam
565 3532 787 3628 dignitatem,
812 3544 915 3632 atque
938 3534 1076 3630 iniquas
1093 3534 1274 3609 Romano-

214 3675 294 3726 rum
312 3652 405 3749 leges
421 3654 463 3727 ad
482 3660 586 3728 rectae
603 3655 747 3729 rationis
772 3679 932 3730 normam
958 3656 1003 3729 ita
1031 3667 1274 3745 correxerunt,

214 3781 254 3846 ut
280 3795 329 3846 eae
354 3781 480 3847 aeterna
514 3773 624 3871 ipsius
651 3775 795 3848 rationis
824 3775 961 3849 decreta
989 3775 1274 3864 nominarentur,

215 3895 339 3986 iidem,
357 3920 468 3992 quum
486 3897 527 3970 iis
551 3898 714 3972 omnibus
732 3910 849 3972 ortum
877 3899 1002 3973 dedere
1023 3922 1101 3995 quae
1125 3923 1142 3973 a
1161 3899 1276 3972 Tullio

216 4017 252 4090 in
278 4017 338 4090 illo
356 4018 407 4091 Dc
426 4018 561 4114 Officiis
578 4019 666 4093 libro
693 4031 726 4092 et
752 4043 771 4093 a
797 4020 915 4095 Tacito
931 4021 966 4093 in
993 4020 1189 4095 Annalibus
1207 4021 1278 4094 elo-

218 4147 365 4229 quenter
382 4160 422 4210 ac
441 4137 604 4212 divinitus
630 4138 720 4212 diota
744 4139 899 4227 luerunt,
924 4151 999 4212 tum
1027 4139 1069 4213 de
1095 4139 1165 4213 Deo
1184 4149 1217 4213 et
1234 4140 1277 4213 de
