2970 5190
617 495 689 569 mu

174 639 256 714 Haee
270 638 384 728 verba,
400 639 538 714 conscie
551 639 619 737 suli
629 641 758 730 sideru,
775 643 921 719 celenis
933 645 1080 721 rationis
1093 669 1185 747 opus,

121 761 251 836 mundo
266 784 328 859 pru
347 762 434 837 eoelo
453 762 606 854 dicium,
625 764 707 838 sniis
726 764 906 841 declarant
923 779 1083 844 nostrum
1104 792 1188 867 poe·

122 896 195 960 tem
215 885 342 959 stoicas
359 884 516 959 versibus
531 887 714 961 enuntiare
727 889 925 963 sententias.

171 1008 346 1083 Caeterum
364 1018 474 1106 poeiee
488 1009 699 1083 altissimum
711 1010 825 1107 placei
838 1011 905 1088 hoc
919 1026 1184 1112 argumentum:

229 1218 419 1235 .....
436 1182 464 1233 ’.
503 1219 508 1232 .
548 1219 553 1232 .
573 1179 706 1235 inretire
720 1179 872 1250 peripsum

227 1271 310 1342 Aera,
325 1274 354 1327 et
369 1270 502 1327 immenso
517 1272 680 1342 spatiantem
691 1272 782 1330 rivere
794 1274 865 1330 eoelo
877 1273 893 1330 ¹.

169 1414 270 1502 Quod
288 1415 445 1513 quamvis
468 1417 512 1489 sii
533 1416 682 1491 arduum
705 1426 739 1490 ei
762 1416 858 1491 adiiu
880 1416 1039 1494 difficiles
1060 1417 1186 1498 hebeat

119 1534 458 1627 iareb1=as,h0minis
474 1547 590 1611 tamen
604 1537 731 1611 rationi
749 1548 801 1612 esi
813 1538 1041 1636 permeabile:

229 1745 558 1762 ........
578 1706 628 1763 cni
642 1706 717 1763 nuile
730 1706 864 1764 resistunt

227 1802 368 1874 claustra,
382 1815 434 1858 nee
448 1801 587 1859 immensae
601 1802 704 1874 moles,
718 1802 839 1873 eaeciqne
853 1789 1022 1876 recessus?

226 1895 323 1951 Omnia
336 1894 536 1966 succumbunt,
549 1896 639 1966 ipsum
652 1898 696 1951 esi
708 1893 877 1966 penetrabile
889 1896 989 1952 eoelnm
1000 1892 1018 1952 ².

167 2035 240 2111 Nee
254 2037 403 2127 mirum,
423 2059 504 2112 eum
523 2035 573 2135 (id
595 2036 688 2133 quod
707 2035 810 2135 plane
828 2036 978 2112 sioicum
1002 2037 1067 2137 esi)
1086 2060 1185 2113 mens

119 2171 238 2235 nostra
257 2159 381 2236 divinae
398 2159 508 2236 menti
527 2169 673 2258 cognata
699 2160 761 2251 sit,
789 2172 823 2237 et
845 2183 942 2238 exea
968 2161 1069 2262 quusi
1095 2161 1183 2237 deli-

48 2347 53 2355 .
118 2285 218 2362 bata:
547 2294 551 2300 '

223 2460 283 2516 iam
296 2471 431 2530 nusquam
446 2464 543 2518 natura
559 2461 639 2518 latet:
655 2461 821 2533 pervidimus
834 2475 957 2533 omnem,

223 2555 256 2612 Et
273 2542 353 2626 cepto
366 2555 486 2627 potimur
499 2557 613 2630 mundo,
628 2562 807 2628 nostrumque
821 2562 961 2630 parentem

225 2653 291 2709 Pars
306 2667 356 2710 sna
370 2655 571 2727 conspicimus,
584 2655 724 2727 genitique
736 2650 894 2713 secedimus
909 2654 992 2712 nstris
1002 2653 1022 2712 ³.

167 2791 242 2877 Quo
259 2815 401 2868 necessu
420 2805 454 2867 ei
466 2806 656 2892 conspeetu
672 2794 760 2868 nihii
773 2793 958 2892 excogitari
971 2793 1181 2891 puiestsub·

119 2914 237 2990 limius
251 2925 285 2989 ei
298 2915 453 3014 sapiente
467 2916 617 3014 dignius.
635 2918 731 2992 Mens
745 2928 1008 3006 summumne,
1025 2915 1182 3013 augustis

118 3049 219 3113 antee
251 3039 409 3114 terminis
440 3053 553 3138 septa,
584 3043 653 3117 hoe
684 3053 722 3117 ui
751 3053 956 3139 assequatur
986 3042 1182 3139 festigium,

118 3183 224 3237 suum
236 3173 357 3262 percus
371 3163 522 3238 transire
539 3164 660 3254 debet,

224 3335 434 3405 Extremumque
448 3336 526 3406 sequi
540 3340 668 3407 ponium,
681 3340 815 3407 terraeque
828 3335 920 3392 subire

222 3429 370 3487 Pendeniis
382 3434 505 3502 tractus,
522 3434 550 3487 et
563 3435 622 3488 tuto
636 3431 727 3489 vivere
741 3432 769 3488 in
783 3430 849 3488 orbe
858 3430 880 3487 ⁴.

223 3622 425 3694 impendendus
438 3624 519 3681 homo
532 3628 588 3696 est,
603 3625 677 3682 Deus
690 3592 752 3680 esse
767 3627 798 3680 ut
810 3621 939 3694 possum
954 3621 1016 3691 ipsu
1028 3620 1049 3677 ⁵.

143 3838 160 3879 <¹
175 3839 247 3899 Man.
263 3842 352 3908 Asu„
369 3837 387 3894 Ι.
402 3841 427 3910 i,
441 3854 466 3896 e.
482 3843 524 3896 43.

152 3935 266 4008 ²Idem,
281 3935 299 3992 i.
313 3938 338 4006 Ι,
353 3950 378 3992 v.
391 3941 451 3993 538.

152 4033 270 4105 iidem,
286 4036 397 4106 1.1v,v.
412 4040 472 4093 881.

152 4127 437 4198 ⁴1uem‚i.1v,8ue.
525 4139 528 4145 ·

153 4223 164 4260 ὅ
179 4223 273 4294 Idem,
287 4222 398 4295 1.1v,v.
413 4226 474 4281 407.
