2970 5190
626 509 693 582 tit

127 653 318 751 losophisa
347 654 528 728 Lactantio
548 654 663 751 agitur
682 653 760 751 qui,
785 675 862 744 eos,
890 654 959 729 sive
977 657 1104 731 erroris
1122 657 1194 733 sire

127 777 305 870 mendacii
323 790 526 867 accusatos
545 779 653 853 sacetc
671 777 812 852 irridet:
836 776 956 864 «Quid
974 776 1041 869 illi,
1064 778 1194 876 inquit,

128 900 282 996 quiesse
302 899 497 974 contrarios
521 900 673 997 vestigiis
701 900 828 975 nostris
854 900 1036 998 antipodas
1054 911 1195 999 putant,

127 1047 216 1098 num
231 1023 362 1121 aliquid
377 1022 593 1120 loquuntur?
606 1034 665 1097 aut
682 1033 735 1096 est
747 1021 933 1119 quisquam
953 1034 1023 1097 tarn
1039 1024 1194 1121 ineptuS,

129 1145 191 1243 qui
215 1145 334 1220 credat
356 1168 432 1221 esse
450 1147 631 1233 homines,
656 1167 809 1242 quorum
833 1144 974 1242 vestigia
999 1145 1070 1220 sint
1092 1169 1197 1244 supe·

128 1266 221 1340 riora
245 1288 351 1364 quarn
370 1267 505 1372 capita?
523 1276 584 1340 aut
600 1265 666 1355 ibi,
692 1288 769 1361 quae
787 1266 880 1363 apud
906 1287 969 1340 nos
989 1266 1123 1364 jacent,
1142 1269 1196 1343 in-

128 1411 225 1463 versa
245 1387 423 1485 penderet
440 1387 555 1483 fruges
571 1399 604 1460 et
622 1385 763 1459 arbores
782 1386 947 1461 deorsum
964 1409 1083 1461 versus
1102 1411 1197 1464 cres-

84 1533 89 1540 ·
130 1511 235 1586 cere?
258 1512 410 1610 pluvias,
438 1521 472 1585 et
498 1510 608 1596 nives,
636 1519 670 1583 et
695 1509 882 1605 grandines
912 1531 1053 1583 sursum
1077 1533 1196 1586 versus

130 1632 255 1706 cadere
270 1632 306 1706 in
325 1641 455 1704 terram
466 1630 531 1702 ¹‘t›>

81 1828 89 1842 ,
179 1753 251 1851 Has
269 1764 369 1851 poeta
392 1762 510 1827 noster
533 1751 679 1848 ineptias
704 1750 861 1825 versibus
880 1751 1040 1840 credere,
1059 1762 1093 1825 et
1107 1751 1195 1826 duas

130 1876 283 1951 diversas
303 1887 412 1950 terras
428 1873 582 1950 vicissim
608 1872 680 1948 sole
702 1873 890 1948 illustratas
909 1873 1105 1952 describere
1124 1895 1194 1948 non
1213 1953 1215 1957 .

131 2000 302 2076 dubitavit
315 2025 323 2074 ε

238 2194 314 2250 Hanc
327 2191 373 2248 ubi
389 2191 423 2248 ab
437 2204 539 2248 occasu
553 2195 649 2247 nostro
663 2190 706 2247 sot
719 2190 820 2261 aspicit
832 2196 926 2262 ortus,

237 2285 294 2342 Illic
309 2284 379 2341 alma
393 2284 453 2340 dics
466 2279 573 2354 sopitus
587 2283 688 2340 excitat
701 2283 798 2355 urbes,

236 2384 270 2440 Et
283 2396 346 2440 cunr
357 2377 420 2439 luce
433 2380 518 2438 refert
530 2395 643 2453 operum
657 2381 812 2439 vadimonia
825 2382 917 2439 terris.

237 2568 342 2634 Pontus
355 2580 486 2660 utrasque
499 2577 559 2634 suis
573 2576 705 2648 disiungit
718 2581 746 2635 et
759 2575 863 2648 adligat
874 2576 956 2634 undis
966 2575 984 2633 ².

180 2739 231 2813 Ex
248 2739 302 2813 his
321 2739 485 2814 omnibus
503 2739 700 2814 Manilianis
718 2737 875 2813 versibus
894 2748 928 2812 et
949 2761 990 2812 ex
1014 2739 1091 2812 aliis
1107 2759 1195 2834 quos

131 2865 322 2962 plurimos,
338 2887 419 2938 curn
439 2864 481 2938 de
505 2864 697 2938 stoicorum
723 2863 939 2960 physiologia
967 2874 1146 2959 ageretur,
1165 2873 1199 2937 et

130 2986 342 3085 protulimus
360 2997 394 3060 et
416 2985 658 3075 laudavimuS,
677 2987 759 3061 satis
778 3008 953 3082 superque
978 2986 1087 3082 liquet
1112 2996 1198 3083 quot

129 3121 164 3184 et
179 3120 308 3205 quanta
330 3108 475 3183 illustris
495 3109 553 3184 hic
571 3120 671 3208 poeta
691 3132 708 3182 a
732 3108 849 3183 stoicis
874 3119 1055 3181 mutuatus
1081 3108 1198 3182 fuerit.

130 3230 252 3327 ltaque
270 3229 419 3304 libenter
438 3229 683 3304 affirmaverim
701 3227 849 3303 Zenonis
868 3226 1059 3324 discipulos
1083 3251 1100 3301 a
1121 3227 1197 3300 Ma-

130 3350 217 3424 nilio
232 3359 433 3423 numeratos
450 3348 556 3423 tuisse
575 3347 667 3422 inter
685 3369 744 3421 eos
769 3347 904 3421 animos
920 3345 1048 3443 quibus
1065 3369 1102 3420 se
1119 3347 1193 3444 ipsa

130 3469 276 3545 reclusit
294 3479 439 3572 natura,

238 3664 352 3736 Regulos
365 3665 471 3721 animos
483 3664 599 3736 primum
613 3663 724 3734 dignata
739 3677 864 3733 movere,

236 3757 361 3815 Proxima
373 3760 518 3827 tangentes
532 3769 622 3812 rerum
635 3755 745 3826 fastigia
758 3756 829 3811 coelo
841 3753 862 3809 3,

167 4026 292 4097 11995111,
310 4025 329 4082 t.
340 4025 388 4095 111,
405 4028 489 4085 921.

166 4119 262 4180 ²Man.
282 4125 372 4189 Astr„
387 4120 405 4176 1.
420 4121 444 4191 1,
458 4135 483 4176 v.
498 4125 560 4180 2³6.

168 4214 317 4287 ³Idem,t.
335 4217 356 4288 1,
375 4231 400 4274 v.
417 4219 460 4275 tr.
