2970 5190
625 524 671 596 37

88 667 217 743 nibus
233 668 365 765 majora
383 691 490 765 quam
508 647 586 766 quae
610 669 744 766 possint
767 669 873 760 ellici,
896 670 1087 767 imperare;
1115 683 1177 746 aut

112 788 222 876 viros,
255 787 381 862 talibus
408 790 590 886 praeceptis
618 788 792 876 imbutos,
823 788 991 884 singulari
1024 792 1177 886 quodam

111 906 248 980 virtutis
263 928 381 981 amore
395 908 610 1004 flagravisse,
624 929 734 1004 eaque
744 908 837 1004 juste
854 917 890 982 et
902 907 976 1004 pie,
994 909 1129 984 sortiter
1144 920 1180 984 et

112 1038 313 1104 constanter
333 1029 455 1104 fecisse
473 1052 514 1103 ao
531 1030 668 1119 tulisse,
687 1029 730 1103 de
753 1028 881 1125 quibus
899 1029 996 1104 nulla
1018 1053 1177 1128 unquam

109 1151 291 1225 reticescet
307 1150 518 1249 posteritas?

158 1273 237 1347 Non
266 1284 319 1347 est
343 1274 450 1369 igitur
481 1297 545 1348 our
570 1275 807 1372 vituperemus
833 1273 961 1348 stoicos
987 1284 1091 1372 atque
1119 1296 1178 1349 eos

110 1394 349 1470 existimemus
372 1396 533 1471 homines
551 1397 676 1471 stultos
704 1418 848 1469 aeruna
867 1397 1003 1470 somnia
1028 1397 1095 1472 sibi
1111 1399 1177 1472 fin·

109 1527 245 1614 gentes,
272 1510 366 1615 quod
391 1519 585 1616 perlectum
612 1518 764 1614 aliquem
786 1518 1032 1615 expletumque
1057 1502 1177 1593 omni-

110 1636 177 1711 bus
194 1639 351 1711 numeris
368 1650 403 1713 et
417 1637 574 1734 partibus
591 1646 844 1733 conceperunt,
863 1659 969 1732 quem
984 1638 1177 1735 sapientem

109 1758 339 1833 nominabant
356 1768 396 1833 et
408 1759 452 1832 ad
470 1781 576 1855 quem
596 1758 751 1855 proxime
769 1758 971 1833 nitebantur
994 1760 1178 1852 accedere,

110 1904 191 1957 cum
210 1883 298 1957 nihil
317 1894 454 1958 tantum
471 1884 514 1957 ad
529 1882 662 1981 aliquid
679 1884 768 1957 hene
786 1884 985 1959 laciendum
1004 1888 1178 1979 conferat,

110 2017 280 2104 quantum
298 2007 394 2103 quod
412 2008 457 2080 sit
473 2008 645 2105 optimum
664 2006 700 2079 in
718 2029 858 2104 quoque
875 2031 1002 2104 genere
1021 2011 1175 2102 novisse;

110 2122 244 2202 etcum
266 2128 350 2224 ipsi,
372 2150 460 2224 quos
479 2129 667 2203 christiana
695 2127 815 2224 religio
841 2128 939 2217 colit,
964 2131 1175 2204 sanctissimi

108 2248 187 2337 viri,
203 2248 335 2322 idcirco
352 2249 467 2323 solum
486 2271 589 2345 supra
610 2249 802 2322 humanam
820 2271 896 2322 sese
910 2250 1097 2325 extulerint
1112 2274 1175 2325 na-

110 2380 245 2460 turam,
264 2371 359 2468 quod
385 2371 560 2468 exemplar
582 2394 654 2445 non
679 2369 873 2444 imitatione
900 2371 1174 2468 assequendum,

109 2491 303 2566 imitatione
320 2502 437 2566 tamen
456 2492 593 2589 assequi
612 2492 727 2566 conati
745 2492 884 2566 luerint.

157 2614 235 2688 Non
265 2616 379 2690 solum
408 2626 609 2691 nostrorum
639 2615 931 2713 philosophorum
956 2615 1114 2689 instituta
1142 2626 1177 2690 et

109 2747 299 2835 praecepta,
323 2737 383 2811 sed
407 2736 512 2811 etiam
536 2738 625 2811 lacta
652 2747 686 2810 et
711 2759 826 2810 mores
853 2737 1174 2835 reprehenduntur3
1226 2738 1228 2742 ’

108 2860 155 2933 ita
173 2870 289 2932 tamen
308 2869 348 2931 ut
365 2859 387 2930 ii
407 2860 476 2933 duo
497 2859 753 2933 distribuantur
770 2859 806 2931 in
825 2880 949 2954 genera
971 2859 1175 2949 hominum,

108 3003 259 3078 quorum
279 2983 377 3055 alteri
395 2982 503 3057 stoice
519 2981 679 3071 vixerint,
695 2980 794 3055 alteri
820 3002 899 3055 vero
917 2982 1025 3055 stoice
1050 2980 1174 3078 dispu-

106 3105 272 3194 taverint,
290 3115 323 3176 et
343 3103 394 3176 illi
420 3103 545 3178 debitis
572 3103 760 3178 efferantur
786 3101 964 3191 laudibus,
993 3102 1030 3176 hi
1054 3112 1175 3177 contra

108 3227 303 3302 maledictis
336 3227 462 3301 acriter
493 3226 719 3302 lacessantur.
754 3225 927 3300 Virtutem
968 3225 1062 3300 enim
1102 3248 1174 3300 non

107 3370 209 3423 secus
239 3359 342 3442 atque
373 3345 629 3420 arithmeticam
657 3354 717 3418 aut
747 3342 996 3441 geographiam
1030 3344 1175 3431 docere,

107 3482 250 3545 auctore
267 3491 421 3565 quocum
436 3478 611 3542 certamus
621 3464 758 3564 judice,
775 3465 905 3561 aliquid
921 3463 1026 3539 habet
1040 3465 1174 3561 puerile

107 3591 251 3666 omnino
269 3601 304 3664 et
320 3589 551 3664 irridendum.

154 3713 274 3808 Longe
304 3711 389 3800 alia,
419 3713 589 3801 fatemur,
620 3719 738 3784 nostra
770 3719 822 3782 est
851 3708 1031 3782 sententia.
1067 3707 1174 3782 Binas

107 3834 235 3930 quibus
261 3832 436 3931 praecipue
462 3834 568 3907 horno
598 3842 734 3906 constat
761 3841 896 3929 partos,
926 3852 1078 3926 quarum
1103 3852 1174 3904 una

107 3955 192 4053 quid
210 3956 254 4030 sit
268 3956 403 4030 bonum
419 3966 480 4028 aut
498 3954 633 4029 malum
649 3952 796 4051 percipit
810 3963 844 4026 et
861 3951 1043 4047 intelligit,
1066 3950 1172 4024 altera

106 4099 187 4151 vero
207 4077 249 4150 ad
267 4077 401 4151 honum
431 4077 541 4150 fertur
566 4085 602 4150 et
627 4075 715 4171 fugit
744 4072 896 4162 malurn,
926 4073 973 4146 ita
998 4072 1172 4170 sejunctas

108 4223 183 4275 esse
201 4212 236 4274 et
252 4210 426 4298 separatas
449 4221 520 4273 non
549 4198 745 4285 credimus,
769 4208 809 4271 ut
834 4196 929 4292 quod
954 4196 1050 4294 prior
1072 4219 1172 4294 expe-
