2970 5190
629 522 672 595 54

121 665 279 740 versibus
298 664 444 752 cedunt,
463 665 523 739 ubi
543 688 614 739 non
632 667 747 740 solum
763 690 868 762 quam
888 678 1007 763 postea
1025 669 1185 743 nomina-

122 800 247 864 verunt
274 798 436 863 naturam
464 798 687 864 maturantem
714 801 748 864 et
777 801 938 864 naturam
968 800 1186 879 naturatam,

123 911 184 984 sed
215 909 320 983 etiam
354 909 515 982 omnium
548 909 672 983 mundi
703 911 856 1006 partium
889 910 1186 997 convenientiam,

124 1031 369 1130 cognationem
388 1041 422 1104 et
444 1032 543 1127 quasi
560 1031 799 1129 συμπάθειαν
816 1031 904 1104 mira
926 1031 1077 1127 quadam
1104 1053 1188 1105 oon·

123 1155 291 1230 cinnitate
309 1153 497 1254 expressit:
1023 1154 1024 1159 ’

232 1376 290 1431 Hoc
304 1387 375 1445 opus
388 1375 717 1431 immensiconstructum
731 1387 846 1444 corpore
859 1374 967 1441 muudi,

232 1469 409 1541 Membraque
426 1476 531 1527 naturae
544 1471 652 1528 diversa
665 1470 776 1528 condita
789 1471 876 1527 forma
918 1484 921 1496 ⁴

231 1564 322 1634 Aeris,
336 1568 418 1635 atque
431 1564 520 1635 ignis,
532 1568 625 1634 terrae,
639 1565 783 1635 pelagique
793 1559 913 1634 jacentis

231 1656 280 1711 Vis
294 1656 391 1712 auimae
404 1655 495 1712 divina
509 1657 594 1726 regit3
609 1669 743 1725 sacroque
758 1658 849 1711 meatu

231 1745 378 1818 conspirat
391 1748 478 1814 DeuS,
493 1752 519 1803 et
533 1749 616 1803 tacita
629 1748 735 1803 ratione
749 1747 899 1817 gubernat,

232 1843 381 1913 Mutuaque
396 1844 423 1898 iu
439 1850 556 1899 cunctas
569 1843 710 1912 dispensat
725 1841 828 1898 soedera
845 1845 950 1912 partes,

232 1937 323 1993 Altera
337 1940 367 1993 ut
381 1937 496 1993 atterius
509 1937 581 1992 vires
594 1935 731 2007 faciatque
744 1935 891 2006 seratque,

158 2060 175 2111 ,ᾖ
233 2030 397 2099 Summaque
412 2043 461 2098 per
474 2029 564 2084 varias
577 2034 686 2085 maneat
699 2032 815 2099 cognata
828 2029 930 2099 figuras
944 2029 959 2083 ¹.

176 2229 269 2304 Deus
296 2231 488 2307 stoicorum
518 2235 646 2306 nonis
676 2242 728 2306 est
760 2232 817 2328 qui
849 2241 943 2306 extra
972 2230 1188 2304 flammantia

128 2350 252 2424 mundi
273 2352 403 2425 moenia
430 2351 581 2441 habitet,
604 2363 638 2425 et
655 2351 804 2425 discreta
824 2350 942 2425 nescio
961 2373 1030 2446 qua
1056 2348 1192 2423 insede

128 2471 358 2568 tranquillum
385 2484 420 2547 et
447 2497 611 2548 securum
634 2450 712 2570 agat
738 2497 872 2564 aevum,
899 2496 980 2547 cum
1008 2473 1191 2547 derorum

128 2595 372 2686 universitate,
397 2608 472 2670 tum
500 2598 542 2672 de
566 2597 671 2671 rebus
694 2596 860 2670 humanis
887 2594 1034 2668 minime
1060 2593 1191 2668 sollici-

129 2726 197 2790 tus,
224 2717 303 2792 Non
326 2719 424 2793 video
450 2719 535 2816 quid
559 2719 696 2793 intersit
718 2731 838 2793 utrum
861 2717 965 2792 talem
989 2716 1053 2791 tibi
1082 2717 1193 2812 fingas

128 2838 258 2930 Deum,
286 2841 379 2936 quod
405 2841 557 2939 epicurei
584 2843 759 2930 fecerunt,
790 2863 831 2914 an
858 2839 970 2913 Deum
998 2838 1093 2912 dicas
1119 2860 1193 2911 esse

129 2961 274 3034 omnino
292 2961 443 3036 nullum.
472 2963 670 3038 Stoicorum
700 2963 802 3060 longe
832 2962 897 3037 alia
924 2971 977 3037 est
1002 2961 1192 3054 sententia;

130 3105 212 3155 nam
238 3083 351 3158 Deum
385 3085 636 3182 hominemque
665 3096 758 3160 arcta
792 3086 944 3182 quadam
975 3086 1195 3183 conjungunt

130 3205 311 3279 societate:
335 3207 444 3281 «Non
469 3217 571 3298 sunt,
589 3208 703 3305 inquit
728 3209 879 3299 Seneca,
904 3209 947 3282 ad
970 3207 1100 3282 coelum
1125 3206 1194 3293 ele-

129 3325 250 3399 vandae
267 3349 414 3418 manuS,
430 3351 495 3402 nec
510 3329 706 3403 exorandus
719 3327 885 3417 aedituus,
900 3337 939 3401 ut
953 3349 1016 3400 nos
1034 3326 1077 3429 ad
1092 3308 1194 3399 aures

130 3449 329 3540 simulacri,
356 3453 456 3548 quasi
482 3453 593 3548 magis
618 3451 772 3526 exaudiri
797 3451 990 3549 possimus,
1015 3446 1192 3523 admittat:
1216 3420 1277 3577 qh*

131 3593 239 3669 prope
263 3582 316 3646 est
341 3594 358 3645 a
387 3582 419 3646 te
444 3572 553 3662 DeuS,
576 3583 694 3646 tecum
713 3583 783 3659 est,
808 3571 902 3643 intus
927 3579 988 3642 est.
1012 3566 1063 3643 Ita
1079 3566 1193 3643 dico...
1228 3552 1266 3661 ‚²

131 3714 229 3766 sacer
245 3693 338 3767 intra
357 3716 421 3768 nos
440 3694 583 3792 spiritus
603 3693 734 3768 sedet...
758 3692 797 3766 ln
813 3711 1028 3788 unoquoque
1040 3674 1194 3763 viio‘rum

133 3815 307 3891 bonorum
324 3816 417 3913 (quis
434 3816 543 3906 Deus,
559 3817 732 3891 incertum
753 3813 816 3910 est)
835 3811 969 3921 hapitat
984 3811 1077 3885 Deus
1090 3811 1144 3882 2.»

170 4150 178 4188 ¹
194 4153 266 4210 Mau.
283 4157 370 4221 Artr,
387 4152 404 4207 l.
419 4151 445 4224 l,‚
461 4164 488 4219 i·
500 4154 578 4233 m,-

168 4244 254 4303 ²Seu.
269 4248 359 4318 Epist.
377 4249 419 4303 nt.
520 4332 526 4343 ι
