2970 5190
557 470 560 477 ’
607 444 672 567 ‘or

116 638 214 712 ribus
241 638 361 712 extulit
390 637 552 714 laudibus
580 640 675 736 quod
703 636 925 734 ingeniorum
951 659 1057 733 quam
1085 638 1181 734 quod

117 769 306 858 corporum
320 759 529 836 obtinuisset
545 761 795 863 principatum.

164 883 290 979 Igitur,
306 906 378 960 non
397 885 502 961 modo
520 887 596 963 haec
610 886 804 965 stoicorum
828 884 946 983 opinio
970 906 1040 960 non
1059 885 1183 962 insana
1285 959 1291 969 ,

117 1005 279 1083 habenda
297 1019 366 1100 est,
385 1009 446 1084 sed
459 1009 512 1083 vix
529 1033 630 1086 mens
643 1032 721 1085 vere
739 1031 823 1084 sana
836 1017 870 1082 et
882 1007 1047 1084 omnibus
1065 1008 1185 1083 incon·

117 1125 277 1202 sideratis
298 1126 392 1225 vulgi
414 1128 638 1226 opinionibus
656 1128 769 1205 soluta
794 1127 1024 1226 reperiretur,
1047 1151 1124 1225 quae
1147 1127 1184 1202 in

117 1270 214 1340 eam,
231 1272 269 1325 re
283 1249 469 1350 paululum
484 1252 675 1349 ponderata
693 1262 728 1327 et
744 1273 908 1341 excussa,
926 1273 996 1325 non
1016 1250 1185 1326 concede-

118 1382 183 1448 ret.
208 1372 259 1447 Ex
276 1395 346 1471 quo
364 1373 417 1449 vel
434 1375 507 1448 solo
526 1374 635 1472 liquet
660 1374 862 1465 Horatium,
891 1374 984 1450 hanc
1010 1374 1185 1472 carpendo

119 1494 351 1586 sententiam,
371 1496 457 1593 quid
484 1496 519 1590 in
544 1519 583 1572 ea
609 1496 767 1595 pulchri,
790 1496 939 1594 ideoque
962 1497 1006 1571 ad
1030 1496 1186 1574 carmina

120 1615 394 1708 accommodati,
415 1616 559 1706 inesset,
578 1617 675 1692 nullo
693 1615 798 1693 modo
816 1615 1034 1721 intellexisse.

530 2028 677 2105 CAPUT
702 2029 772 2104 XV.

317 2200 364 2258 no
380 2199 561 2259 tornatos
578 2201 778 2259 snorconun
796 2199 993 2258 niscrrono.

170 2423 207 2498 Si
220 2421 298 2522 quis
311 2420 515 2499 Juvenalem
528 2423 673 2498 remisse
687 2433 720 2498 et
735 2423 836 2522 quasi
849 2421 1037 2497 oscitanter
1051 2421 1190 2518 legerit,

122 2548 154 2623 ei
179 2548 267 2624 nihil
292 2548 436 2624 lorsitan
456 2546 585 2623 abhoc
607 2559 727 2647 poeta,
751 2570 822 2623 non
843 2546 948 2622 modo
975 2545 1101 2637 stoice,
1127 2545 1190 2621 sed

122 2693 167 2745 ne
189 2669 432 2770 philosophice
457 2671 599 2768 quidem
628 2671 763 2746 dictum
780 2653 863 2745 ‘esse
886 2668 1071 2744 videbitur.
1098 2667 1189 2742 Nam

122 2816 201 2868 raro
220 2818 239 2868 a
258 2793 438 2869 communi
466 2794 653 2869 hominum
672 2816 777 2869 sensu
803 2804 835 2868 et
862 2815 881 2866 a
899 2792 1032 2888 vulgari
1050 2789 1189 2866 dicendi

122 2916 257 2990 ratione
284 2927 402 2991 noster
430 2915 488 2990 hic
519 2917 706 2991 satirarum
735 2914 884 3014 scriptor
913 2914 1093 3005 abhorret,
1124 2934 1189 2988 nec

123 3037 250 3112 abditis
277 3047 311 3112 ct
327 3038 506 3113 remotise
532 3038 684 3114 sontibus
705 3037 824 3113 haurit
841 3061 896 3113 res
916 3059 957 3112 ac
983 3036 1086 3112 verba
1110 3056 1188 3134 quae

123 3185 185 3260 per
202 3161 352 3236 audaces
370 3160 517 3236 devolvit
538 3174 673 3253 versus;
692 3161 752 3236 sed
771 3149 923 3236 emedio
942 3159 1126 3258 desumpta
1151 3158 1188 3233 in

124 3281 439 3380 mediumprolert.
458 3282 693 3374 Quinetiam,
715 3305 798 3358 eum
820 3281 992 3358 habemus
1015 3281 1186 3356 confiten-

123 3416 194 3482 tem
212 3427 249 3479 se
267 3427 285 3480 a
309 3404 532 3505 philosophia
553 3405 660 3481 fuisse
678 3406 951 3496 alienissimum3
980 3404 1109 3503 quippe
1127 3403 1187 3499 qui

124 3547 238 3623 neque
260 3523 524 3624 epicureorum,
542 3547 656 3623 neque
681 3525 901 3623 cynicorum,
924 3545 1039 3619 neque
1056 3521 1186 3597 stoico*

124 3670 204 3723 rum
222 3647 400 3745 deputato,
420 3673 442 3725 o
460 3649 591 3746 cynicis
608 3649 728 3725 tunica
746 3646 929 3736 distantia,
949 3644 1100 3742 attigerit
1113 3645 1137 3716 ¹.

172 3771 264 3846 Eum
290 3782 407 3847 tamen
434 3795 506 3848 non
531 3773 676 3848 omnino
700 3773 842 3853 latuisse
871 3767 1186 3865 crediderimpraed

124 3895 217 3971 clara
234 3897 294 3973 illa
311 3898 449 3974 decreta
467 3910 502 3974 et
518 3910 704 3998 praecepta,
724 3920 803 3996 quae
816 3894 1028 3995 jamdudum
1045 3914 1187 3991 percre-

123 4015 273 4096 buerant
292 4019 386 4119 apud
409 4021 587 4099 Romanos
611 4032 715 4120 atque
738 4021 775 4096 in
797 4039 959 4096 sermone
983 4027 1017 4093 et
1034 4039 1093 4092 ore
1111 4038 1187 4090 om*

163 4258 245 4406 'Sap
260 4260 332 4335 lllll,
346 4275 371 4322 v.
386 4267 446 4323 lto.
1048 4326 1061 4373 1
