2970 5190
709 524 781 598 tat

208 695 287 749 mos
305 672 450 746 allectus
475 667 766 767 repudiavisse.0
793 666 853 740 ubi
871 665 992 771 dulces
1018 668 1214 742 amantium
1238 647 1272 742 et

207 796 469 872 redamantium
488 795 705 891 complexuS,
721 803 755 867 et
769 815 882 866 mares
897 780 1003 866 animi
1021 804 1138 888 tenero
1153 816 1273 868 amore

207 918 393 1005 commoti,
412 928 447 990 et
467 916 581 989 viriles
592 915 716 995 uultus
738 914 900 1012 lacrymis
923 915 1110 1012 aliquando
1127 916 1274 990 maden-

208 1041 278 1114 tesl
303 1038 372 1113 Ubi
395 1037 525 1111 Hector
542 1049 577 1110 et
601 1036 863 1126 Andromache,
889 1037 1100 1135 polyeuctus
1125 1048 1160 1112 et
1183 1038 1276 1112 Pau-

208 1161 301 1250 lina,
321 1162 449 1259 aliique
468 1160 553 1234 clari
568 1162 752 1259 conjngeS,
771 1161 917 1257 quinon
934 1161 1008 1235 sine
1024 1185 1151 1257 magno
1165 1163 1272 1237 animi

207 1283 369 1357 cruciatu
388 1283 566 1357 dissociati
585 1306 742 1381 unquam
761 1283 922 1356 suerunt!

256 1404 326 1478 Sed
355 1405 383 1477 si
414 1404 477 1477 has
506 1403 628 1478 Catoni
656 1404 891 1501 ignoverimus
920 1404 1097 1494 maculas,
1126 1417 1212 1502 quot
1240 1418 1274 1480 et

208 1537 359 1624 quanta,
385 1549 454 1599 non
472 1527 545 1624 jam
569 1526 794 1616 adumbrata,
818 1527 878 1601 sed
902 1550 990 1625 pene
1012 1550 1171 1626 expressa
1195 1551 1276 1626 per·

207 1644 308 1742 lectae
322 1645 579 1741 cumulataeque
605 1645 739 1744 virtutis
761 1647 858 1742 signa
881 1646 917 1718 in
935 1646 1003 1720 hoc
1027 1647 1099 1720 viro
1122 1647 1275 1721 invenie·

207 1766 307 1839 mus!
338 1765 429 1839 Dum
459 1764 668 1839 Homericus
701 1763 873 1854 Achilles,
903 1765 1028 1840 robore
1059 1777 1093 1839 et
1121 1765 1275 1861 agilitate

206 1888 403 1986 praesertim
422 1888 587 1990 insignis,
603 1887 689 1961 nihil
705 1889 774 1962 lere
790 1888 856 1962 nisi
870 1889 1024 1986 corporis
1041 1887 1132 1961 bona
1147 1889 1274 1985 jactat,
1376 1892 1377 1895 ’

206 2011 390 2103 dumille,
411 2034 517 2109 quem
535 2011 703 2085 describit
718 2009 902 2100 LucanuS,
917 2012 1061 2108 justitiae
1086 2011 1274 2086 libertatis·
1354 2086 1358 2095 ,

208 2157 279 2230 que
301 2155 419 2208 amore
445 2134 481 2217 in
506 2133 629 2230 primis
660 2135 887 2232 conspicuus,
912 2132 997 2208 nihil
1016 2135 1139 2231 'magis
1167 2157 1274 2231 quam

208 2256 319 2331 animi
335 2256 426 2331 bona
445 2257 559 2354 diligit
576 2268 611 2331 et
626 2258 872 2354 amplectitur:

318 2486 324 2501 .
364 2487 370 2500 .
410 2485 416 2497 .
457 2445 1034 2516 .flimores,haecduriimmotacatonls

315 2545 396 2600 Secta
410 2541 476 2613 luit,
490 2557 601 2601 serrare
614 2544 739 2611 modum,
752 2544 887 2614 finemque
902 2549 1007 2613 tenere,

316 2640 502 2711 Naturamque
515 2641 608 2710 scqu'r,
623 2641 772 2710 patriaeque
785 2640 942 2710 impendere
957 2641 1057 2712 vitam,

316 2733 373 2790 Nec
386 2731 456 2802 sibi,
472 2731 521 2789 sed
533 2733 584 2788 toti
595 2732 718 2803 genitum
732 2746 762 2789 sc
776 2732 888 2789 credere
903 2731 1004 2788 mundo
1019 2733 1035 2786 ¹.

258 2897 428 2994 Egregius
441 2896 499 2972 ille
513 2898 585 2988 vir,
600 2898 634 2971 in
652 2898 748 2973 omni
764 2898 896 2972 Lucani
911 2918 1031 2995 opere,
1044 2897 1111 2971 sibi
1127 2909 1275 2972 constat.

207 3020 297 3094 Cum
321 3020 439 3093 omnia
457 3020 576 3095 virtuti
596 3030 736 3095 censeat
758 3020 1015 3119 posthabenda,
1033 3042 1099 3094 nec
1117 3043 1274 3118 unquam

207 3164 375 3236 successu
394 3164 550 3217 crescere
576 3143 783 3229 honestum,
808 3142 836 3215 si
862 3142 1072 3240 Pompeium
1095 3153 1274 3217 mortuum

208 3264 387 3353 laudabit,
413 3286 483 3337 non
514 3263 614 3338 ducis
632 3258 738 3361 hujus
755 3263 915 3337 victorias
942 3273 976 3342 et
996 3264 1193 3362 triumphos
1221 3289 1276 3339 re-

209 3370 380 3474 censebit,
400 3409 466 3461 nec
484 3409 574 3485 ponc
599 3411 745 3461 currum
763 3388 871 3461 victos
889 3410 988 3483 reges
1013 3398 1048 3460 et
1069 3400 1188 3483 gentes
1213 3387 1294 3462 do-‘

208 3507 313 3582 mitas
332 3506 546 3602 ostentabit,
580 3506 640 3579 sed
671 3516 843 3602 quantum
871 3506 976 3579 luerit
1002 3506 1144 3601 justitiae
1173 3517 1274 3580 tenax

208 3633 414 3731 simpliciter
432 3640 595 3730 exponet,
613 3641 646 3704 et
659 3631 855 3727 quomodo,
872 3630 972 3727 plebe
991 3631 1117 3704 servire
1133 3631 1199 3704 sihi
1216 3655 1274 3729 pa·

207 3765 294 3844 rata,
310 3753 430 3826 uixerit
442 3753 604 3849 privatus.
619 3751 709 3837 Quin
725 3753 842 3840 etiam,
856 3752 1022 3850 Pompeio
1038 3750 1133 3827 dabit
1146 3753 1273 3827 honori

208 3877 303 3976 quod
320 3877 455 3966 forsan,
474 3878 624 3951 heroicis
648 3877 885 3974 temporibus,
905 3876 936 3949 ei
959 3875 1120 3949 dedecori
1138 3876 1271 3951 suisset.

208 4000 270 4074 His
292 3999 387 4074 enim
412 3999 526 4074 verbis
552 4000 607 4075 nil
624 3999 709 4074 balli
726 4001 812 4095 jore
832 3998 986 4098 poposcit
1008 3999 1152 4072 omnino
1181 4021 1271 4074 con-

244 4253 254 4292 ¹
270 4255 384 4328 alters,
397 4256 416 4313 l.
432 4258 469 4329 ll,
485 4272 511 4314 v.
525 4261 587 4316 38⁰.
