2970 5190
477 364 487 393 τ
604 362 621 407 a

673 529 721 604 64

165 687 249 772 gnat
265 686 299 751 et
316 699 333 749 a
353 686 535 775 poetarum
552 685 669 752 mente
691 677 751 751 illa
767 674 931 753 diviniori
954 700 1024 754 non
1042 679 1229 773 abhorret,

165 808 340 874 utcontra
358 796 607 872 celeberrimus
624 795 686 871 aevi
703 796 812 871 nostri
836 807 936 895 poeta
962 801 999 873 in
1017 800 1227 876 mollissimo

51 922 54 927 ’
165 921 337 1011 carmine,
356 919 449 1017 quod
465 919 629 995 omnibus
646 919 683 994 in
698 942 757 995 ore
774 930 844 1011 est,
864 944 941 996 eam
959 923 1072 998 verbis
1090 947 1229 1024 expres-

164 1043 264 1133 serit,
277 1065 388 1140 quum
404 1042 538 1117 sidereo
551 1042 618 1117 sub
634 1040 722 1118 coelc
736 1042 936 1134 ambulans,
949 1044 1094 1143 Vesperi
1113 1048 1228 1123 radios

164 1160 372 1261 alloquitur,
387 1174 423 1239 et
444 1163 538 1239 unde
559 1163 719 1254 veniant,
739 1172 869 1261 atquae
886 1163 1058 1240 defunctis
1078 1167 1122 1242 de
1140 1168 1229 1242 anri-

164 1289 214 1365 cis
231 1289 274 1364 ad
293 1289 409 1387 ipsum
424 1289 590 1380 reserant,
608 1287 733 1364 leniter
750 1288 898 1385 requirit
911 1291 934 1361 ¹.

210 1412 269 1487 Sic
285 1411 470 1487 Manilius:
657 1414 661 1432 ¹

267 1610 306 1667 bn
319 1608 406 1666 fortes
418 1609 515 1666 animae
527 1607 694 1680 dignamque
707 1605 817 1664 nomina
831 1606 920 1676 caelo,

267 1702 436 1772 Corporibus
449 1700 571 1758 resoluta
584 1701 659 1768 suis,
674 1705 808 1772 terraeque
824 1700 941 1756 remissa

268 1797 327 1852 lluc
340 1795 458 1866 migrant
472 1809 506 1851 ex
519 1794 599 1863 orbe,
616 1807 751 1865 suumque
765 1793 917 1850 habitantia
930 1792 1030 1850 coelum

267 1892 411 1949 AEthereos
424 1892 520 1949 vivunt
530 1903 635 1963 annes,
649 1890 806 1962 mundoque
821 1889 951 1948 fruuntur
959 1888 979 1946 ².

210 2079 276 2154 Hic
290 2088 391 2177 poeta
404 2077 496 2152 locat
508 2099 579 2153 non
592 2078 708 2153 solum
721 2077 910 2168 Achillem,
922 2076 1108 2175 Tydidem,
1123 2080 1226 2156 alios-

159 2220 226 2294 que
242 2197 301 2295 qui
319 2197 522 2272 fortitudine
544 2197 762 2287 claruerunt,
780 2197 842 2272 sed
861 2197 1078 2296 Lycurgum,
1097 2199 1222 2276 Socra·

159 2330 247 2410 tem,
270 2319 472 2410 Platonem,
494 2331 707 2417 caeterosque
724 2317 902 2418 sapientiae
925 2320 1119 2420 principes;
1140 2347 1224 2398 nam

158 2439 252 2536 apud
277 2438 477 2529 Manilium,
499 2439 592 2514 sicut
605 2438 698 2538 apud
716 2439 945 2531 Fenelonem,
956 2440 1225 2540 juxtaherbum

159 2565 300 2656 dumbs,
316 2589 377 2641 sua
397 2577 480 2640 sunt
494 2564 710 2664 sapientibus
726 2565 921 2642 domicilia:

264 2761 371 2833 Quique
387 2760 470 2817 animi
484 2760 571 2830 vires,
586 2764 614 2817 et
631 2760 742 2818 strictas
755 2760 877 2831 pandere
890 2766 997 2818 mentes

261 2858 414 2916 Prudentes
428 2858 548 2915 habuere
561 2857 627 2928 viri,
645 2858 747 2929 quibus
760 2858 850 2913 omnis
863 2859 891 2914 in
904 2859 974 2930 ipsis

262 2958 370 3013 Census
383 2960 456 3026 erat,
467 2957 616 3026 justusque
630 2955 713 3012 Solon
725 2999 732 3024 ,
745 2953 879 3026 icrtisque
894 2956 1047 3027 Lycurgus,

194 3050 197 3056 '
262 3048 462 3119 AEthereusque
474 3046 589 3117 Platon,
606 3050 633 3102 et
647 3047 694 3117 qui
707 3046 887 3104 fabricaverat
899 3047 992 3119 illum,

261 3143 468 3214 Damnatusque
481 3156 547 3199 suas
560 3142 658 3201 melius
672 3142 810 3200 damnavit
822 3143 942 3200 Athenas
953 3141 972 3198 ³.
1039 3212 1047 3235 1

204 3307 303 3382 Hanc
320 3307 355 3381 in
376 3308 610 3383 venerandam
629 3309 779 3384 heroum
802 3309 1082 3409 sapientiumque
1100 3313 1222 3388 sedem

155 3432 319 3508 Lucanus
340 3432 482 3508 inducit
503 3433 662 3532 Pompeii
687 3457 853 3531 magnam
878 3435 1042 3510 umbram
1068 3459 1174 3534 parvo
1202 3460 1222 3512 e

350 3722 359 3760 ¹
374 3723 453 3780 Dour
465 3723 544 3780 reheb
558 3722 623 3780 d'un
636 3722 718 3794 globe
734 3723 768 3780 de
782 3723 902 3795 harunce,
979 3732 984 3743 '

347 3817 494 3874 Charmant
507 3828 605 3888 rayon,
620 3831 673 3888 que
686 3832 729 3874 me
741 3817 879 3876 vaux-tui

301 3923 321 3979 ·,
348 3911 479 3968 Vicus-tu
493 3911 563 3969 dans
575 3922 639 3967 mon
653 3911 712 3966 sein
724 3911 819 3968 abattu

346 4006 442 4062 Porter
455 4005 482 4064 la
496 4004 609 4065 lumibre
624 4007 714 4063 amon
728 4006 810 4063 ame?

826 4100 990 4159 helenuna.
1005 4097 1102 4155 Me'dit.
1118 4098 1165 4157 lV.

188 4192 283 4254 ²Man.
297 4198 388 4263 Asta,
402 4195 420 4252 l.
436 4197 460 4264 l,
474 4210 499 4253 v,
514 4197 575 4254 763.

189 4287 311 4360 itatem,
324 4304 350 4347 v,
362 4292 423 4348 776.
