2970 5190
627 446 674 518 os
733 396 736 401 ⁵
1164 430 1211 477 ⁵·

116 587 220 663 busto
238 589 498 687 prosilientem,
521 582 668 689 eamque
693 592 795 667 nobis
812 591 1048 689 ostenditjam
1066 592 1184 668 fruen-

116 720 187 785 tem
218 733 358 784 summa
383 734 488 809 pace,
514 702 653 810 altoque
678 734 696 786 e
726 711 814 787 coelo
840 711 1005 808 reliquias
1029 711 1184 810 corporis

107 828 370 928 -despieientem
385 855 392 902 :

225 1063 231 1077 .
271 1064 278 1078 .
316 1064 323 1079 .
363 1064 369 1078 .
406 1023 867 1097 ltttepostqunmsetumtnevero

223 1119 361 1190 Implevit,
377 1120 527 1192 stellasque
540 1136 623 1195 vagas
636 1123 752 1180 miratus
766 1129 794 1181 et
806 1129 881 1181 astra

224 1216 290 1272 Fixa
303 1217 390 1289 polis,
406 1218 474 1276 vidit
488 1224 590 1288 quanta
604 1219 656 1278 sub
671 1227 752 1278 nocte
762 1221 870 1291 jaceret
960 1249 963 1254 ·

224 1311 325 1368 Nostra
339 1312 413 1384 dies,
427 1313 543 1383 risitque
555 1315 598 1371 sui
611 1313 729 1372 ludibria
742 1315 832 1373 trunci
846 1314 862 1371 ¹.

167 1479 278 1555 Nemo
293 1490 345 1555 est
362 1492 455 1555 certe
477 1481 555 1578 puri
573 1481 772 1578 sincerique
784 1480 928 1579 judicii,
947 1481 1008 1577 qui
1026 1480 1188 1555 Homeri-

119 1604 169 1679 cis
187 1603 458 1702 Virgilianisque
473 1605 542 1681 illis
561 1607 795 1696 carminibus
819 1605 948 1703 quibos
969 1616 1040 1680 tam
1058 1605 1186 1680 vividas

119 1724 364 1821 animosasque
383 1726 533 1800 heroum
555 1737 777 1801 mortuorum
796 1741 1041 1824 expresserunt
1065 1726 1189 1822 imagi-

119 1866 197 1932 nes,
225 1845 301 1918 haec
325 1845 424 1920 stoici
454 1846 638 1945 cujusdam
661 1845 768 1944 Elysii
788 1869 806 1920 a
825 1846 967 1920 Manilio
988 1857 1022 1920 et
1045 1846 1188 1921 Lucano

119 1967 172 2041 vix
198 1967 408 2042 adumbrata
428 1969 526 2066 signa
545 1969 672 2043 audeat
700 1981 921 2067 anteponere.
950 1969 1116 2075 Libenter
1141 1980 1189 2041 ta-

118 2112 201 2164 men
227 2091 472 2166 affirmaverim
495 2093 774 2190 praestantiorem
802 2092 839 2165 in
870 2093 999 2166 horum
1026 2113 1133 2188 quam
1151 2091 1201 2164 inx

117 2209 261 2284 illorum
279 2222 397 2288 mente
416 2213 570 2309 speciem
589 2213 732 2310 perlecti
759 2212 986 2310 ejusdemque
1008 2211 1101 2286 beati
1124 2211 1189 2283 ho-

118 2331 224 2405 minis
242 2331 430 2435 insedisse,
444 2350 560 2434 quam-
573 2331 687 2407 verbis
705 2331 863 2407 absolute
881 2333 1019 2407 efficere
1034 2353 1105 2404 non
1124 2353 1186 2428 po·

121 2461 285 2543 tuerunt,
319 2465 354 2528 et
384 2476 461 2550 quae
490 2453 722 2529 nihilominus
756 2455 914 2554 ipsorum
946 2455 982 2528 in
1011 2451 1188 2541 versibus,

118 2574 220 2671 quasi
234 2597 296 2673 per
311 2575 514 2672 caliginem,
532 2576 678 2652 videtur.
695 2577 752 2652 Sic
769 2577 820 2651 illi
834 2576 941 2649 medii
958 2575 1020 2649 aevi
1036 2573 1187 2649 artifices
1281 2571 1283 2576 ’

119 2721 287 2795 quorum,
301 2700 430 2774 nostris
444 2701 499 2776 his
515 2700 749 2798 temporibus,
765 2713 860 2775 tanta
875 2710 1012 2774 nostros
1026 2698 1187 2774 homines

119 2821 261 2897 incessit
292 2824 492 2915 admiratio,
525 2825 735 2923 cogitatione
764 2826 960 2922 perlectum
990 2823 1123 2920 aliquid
1155 2816 1189 2897 et

119 2943 290 3019 excellens
304 2946 640 3043 complectebantur,
655 2948 750 3044 quod
764 2947 816 3020 vix
830 2945 1058 3046 percipimus,
1075 2945 1188 3044 suspi-

119 3087 242 3140 camur
266 3077 402 3157 tamen,
427 3067 599 3142 inchoatis
628 3089 751 3142 eorum
780 3067 816 3141 in
844 3067 1018 3165 operibus.
1049 3066 1186 3152 Quanto

118 3185 212 3258 enim
238 3185 297 3260 ille
323 3186 457 3261 Lucani
481 3187 688 3286 Pompeius,
709 3199 776 3262 'aut
805 3187 893 3264 alius
918 3187 1084 3285 quilibet,
1105 3188 1185 3285 qui,

118 3308 243 3383 virtute
271 3319 408 3384 evectus
437 3311 480 3384 ad
508 3333 653 3408 superas
680 3311 825 3402 domos,
852 3310 1040 3386 hominum
1064 3310 1186 3383 inanes

119 3452 222 3504 curas
240 3442 274 3504 et
289 3454 396 3507 caecas
411 3433 593 3531 cupidines
609 3433 818 3522 contemnit,
833 3432 1062 3507 Homericum
1077 3431 1186 3504 istum
1255 3424 1264 3436 “

118 3554 290 3631 Achillem
310 3569 468 3655 praestat,
486 3560 572 3634 adeo
591 3559 662 3634 suis
678 3559 714 3634 in
727 3559 851 3656 Elysiis
870 3558 1003 3655 campis
1022 3565 1080 3631 aut
1098 3556 1153 3629 inl
1169 3597 1185 3611 ·

118 3677 223 3756 licem
250 3692 311 3789 aut
332 3693 526 3773 amentem,
552 3693 610 3775 ut,
637 3684 666 3757 si
690 3684 795 3758 modo
819 3683 894 3756 vitae
917 3692 1035 3780 posset
1059 3680 1185 3754 iterare

117 3822 283 3905 cursem,
298 3805 447 3905 turpiter
464 3806 575 3880 sactus
592 3807 635 3880 de
652 3829 733 3903 rege
756 3827 893 3895 servus,
911 3803 1057 3900 rigando
1075 3815 1110 3877 et
1124 3826 1184 3878 eo-

117 3927 223 4007 lendo
255 3930 395 4019 hortulo
427 3931 669 4007 formidolosas
704 3930 836 4045 locaret
863 3916 1183 4043 manusji'Quanto

154 4170 559 4247 ¹tuc.1³tars.,t.1x,v.n.
1153 4258 1156 4263 ,

214 4290 245 4344 F·
1022 4271 1036 4318 5
1096 4320 1128 4347 Ι.
