2970 5190
743 501 816 575 too

249 667 319 719 non
347 646 449 720 luerit
475 646 624 735 stoicus,
648 671 667 720 a
692 647 810 721 stoicis
837 658 952 720 tamen
983 648 1093 722 multa
1121 649 1323 747 eademque

246 765 432 862 magnifica
450 766 718 865 deprompsisse.

293 886 368 962 Nisi
394 887 485 961 inter
501 887 679 962 Romanos
706 887 842 963 luxuria
867 897 902 961 et
924 887 1069 962 mollitio
1095 888 1324 984 dillluenteS,

245 1009 521 1106 necquidquam
539 1009 707 1086 habentes
730 1010 827 1085 virile
855 1034 896 1085 ac
913 1033 1142 1107 generosum,
1166 1013 1323 1090 nobilis-

244 1132 332 1208 sima
349 1132 407 1207 illa
426 1133 637 1232 jamdudum
655 1135 823 1210 extitisset
843 1135 993 1209 Zenonis
1017 1136 1224 1234 disciplina,
1242 1164 1323 1238 quae

244 1255 543 1332 debacchantibus
559 1257 745 1332 hominum
766 1257 1009 1355 cupidinibus,
1022 1258 1116 1331 velut
1134 1262 1323 1338 conscien-

243 1380 289 1454 tia
320 1381 457 1478 generis
489 1381 655 1471 humani,
687 1382 895 1472 obsisteret,
925 1405 991 1457 neo
1020 1382 1222 1481 iuvenalia,
1253 1410 1321 1462 nec

242 1501 429 1599 quisquam
458 1501 546 1577 alius
573 1513 673 1599 pocta
700 1503 796 1578 hunc
814 1504 990 1577 excelsum
1016 1497 1221 1579 servavisset
1240 1508 1319 1581 ani·

242 1647 362 1714 mum,
386 1624 447 1721 qui
472 1632 602 1720 quanto
624 1623 741 1696 studio
767 1622 950 1711 virtutem,
978 1632 1073 1696 tanto
1092 1621 1173 1697 odio
1190 1624 1318 1700 vitium

241 1746 483 1845 prosequitur,
499 1769 564 1820 nec
577 1746 714 1842 fecisset
728 1746 925 1842 iadiqrrotio
939 1768 1064 1820 versus.
1079 1745 1318 1844 Nequaquam

241 1876 359 1942 tamen
377 1867 623 1942 affirmaverim
642 1878 803 1941 nostrum
827 1878 1029 1956 auctorem,
1053 1889 1135 1942 oum
1155 1869 1316 1944 censoris

242 1986 394 2085 expleret
407 1987 515 2078 vices,
534 1988 702 2062 censoriis
717 1987 875 2062 moribus
893 1986 1032 2077 vixisse,
1050 1997 1084 2061 et
1098 1986 1197 2062 nullo
1216 1989 1317 2063 vitio-

242 2135 324 2186 rum
347 2134 424 2209 quae
449 2111 614 2210 carpebat
632 2111 852 2186 laboravisse.
881 2113 957 2187 Hoc
980 2111 1096 2186 solum
1117 2110 1204 2186 mihi
1230 2136 1317 2189 oon-

242 2234 319 2310 cedi
338 2234 458 2332 cupio,
476 2233 572 2309 huno
590 2256 668 2308 cam
687 2231 915 2331 turpitudinis
934 2242 1056 2307 notam
1072 2231 1164 2307 vitiis
1181 2232 1317 2310 Roma-

242 2380 371 2434 norum
387 2357 528 2433 inurere
546 2380 617 2433 non
635 2356 810 2457 potuisse,
828 2356 914 2453 quin
933 2355 1097 2431 eximiam
1119 2358 1314 2455 quamdam

241 2483 279 2559 in
306 2483 424 2558 animo
452 2482 596 2558 haberet
622 2480 758 2556 virtutis
784 2480 941 2591 speciem
963 2479 1009 2555 ad
1035 2502 1142 2578 quarn
1169 2483 1317 2560 referret
1404 2509 1407 2513 ·

243 2609 361 2684 omnia
378 2608 468 2683 loeda
493 2617 527 2683 et
544 2607 709 2698 infamia,
727 2628 805 2704 quae
832 2616 912 2682 ante
938 2605 1059 2681 oculos
1077 2605 1314 2683 obversaban-

244 2746 312 2811 tur.
330 2735 407 2826 Sic,
425 2732 519 2833 apud
541 2732 772 2823 recentioreS,
790 2731 979 2807 novissimo
996 2731 1034 2806 in
1052 2732 1199 2822 saeculo,
1222 2733 1315 2810 cele·

199 2935 201 2939 ,
243 2856 419 2936 berrimus
437 2876 506 2953 quo
532 2855 668 2932 Genera
689 2855 859 2952 gloriatur
881 2854 1131 2954 philosophuS,
1154 2856 1315 2951 quamvis

245 2982 355 3082 ipsius
389 2981 457 3055 vita
491 3001 562 3060 non
596 2977 723 3078 injuria
758 2978 1098 3077 reprehenderetur,
1132 3001 1315 3077 perversos

246 3105 434 3203 aequalium
453 3125 599 3184 suorum
624 3126 739 3178 rnores
767 3101 1009 3200 reprehendit,
1035 3112 1069 3177 et
1094 3123 1153 3176 eos
1176 3102 1222 3177 ad
1239 3126 1317 3179 rec-

248 3236 319 3301 tam
343 3222 489 3299 rationis
507 3222 664 3321 regulam
683 3222 858 3320 corrigere
877 3234 1024 3298 conatus
1042 3231 1104 3296 est.
1132 3221 1179 3295 Ut
1196 3232 1317 3298 autern

207 3328 210 3334 ’
248 3340 307 3425 hic
323 3345 480 3422 Platonis
497 3355 531 3421 et
553 3345 750 3436 Plutarchi,
774 3344 824 3421 sic
849 3344 907 3420 ille
928 3343 1119 3420 stoicorum
1145 3342 1318 3419 doctrinis

248 3473 360 3549 luerat
376 3468 545 3545 imbutus.

296 3585 425 3668 Utrum
449 3587 621 3690 epicurei,
644 3597 704 3664 aut
725 3586 878 3662 hominis
902 3585 1090 3685 cujuslibet
1113 3587 1317 3685 temporum

248 3715 329 3790 vitia
351 3716 444 3791 lente
469 3713 609 3790 serentis
628 3712 822 3787 arveniam
848 3711 962 3786 dantis
990 3721 1024 3785 et
1046 3711 1194 3809 petentis
1211 3709 1317 3785 vicis-

250 3835 337 3925 sim,
362 3860 405 3909 an
421 3833 540 3925 stoici,
558 3834 609 3908 rel
636 3832 750 3930 potius
773 3831 886 3930 cynici
907 3830 944 3903 hi
969 3823 1052 3904 sunt
1074 3853 1207 3920 versus,
1235 3830 1317 3928 qui,

250 3980 320 4032 non
339 3957 444 4033 modo
466 3956 657 4055 sapientem
684 3954 785 4027 illurn
811 3955 961 4029 liberum
980 3962 1015 4028 ot
1031 3964 1187 4028 erectum
1206 3976 1316 4049 quern

250 4080 349 4156 stoici
374 4079 581 4169 instituunt,
610 4078 671 4154 sed
697 4076 801 4153 etiarn
829 4077 1019 4176 Diogenem
1044 4077 1316 4183 Atheniensium

249 4203 390 4280 turbam
413 4214 698 4304 perrumpentem
720 4202 822 4279 nobis
841 4202 878 4280 in
899 4201 1108 4280 memoriam
1129 4211 1314 4280 revocant:
