2970 5190
700 499 772 576 llo

201 647 271 721 mie
288 647 461 745 loquitur,
479 660 514 724 et
535 649 619 747 quid
639 650 707 722 hoe
725 648 851 745 dogma
869 646 912 721 ad
931 646 1129 744 augendam
1153 648 1271 722 homi-

202 792 288 844 num
317 769 556 846 fortitudinem
583 771 712 847 habeat
741 770 908 845 idoneum
938 769 1074 866 egregie
1104 771 1270 845 ostendit.

202 893 320 991 Ignavi
338 894 472 970 scilicet
491 894 599 970 animi
615 906 705 971 esset
722 895 791 970 cito
810 895 974 970 rediture
986 918 1135 992 parcere
1152 896 1234 970 citce
1248 898 1271 969 ¹.

251 1012 414 1099 Quamvis
433 1037 472 1088 ex
491 1014 759 1089 inconsideratis
777 1015 870 1111 vulgi
892 1015 934 1089 de
952 1014 1023 1088 Deo
1041 1013 1270 1114 opinionibus

203 1132 348 1206 omnino
372 1132 527 1207 solutum
552 1133 695 1208 burano
718 1134 762 1208 sit
787 1133 989 1230 ingenium,
1013 1156 1097 1206 eum
1120 1134 1273 1211 libenter

204 1253 351 1328 dixerim
372 1254 487 1328 virum
512 1255 813 1352 religiosissimum
836 1279 929 1346 esse,
948 1257 976 1330 si
1001 1259 1107 1332 modo
1124 1256 1195 1333 hoc
1210 1281 1271 1332 no-

204 1373 300 1447 mine
316 1373 429 1449 virum
461 1376 615 1448 humana
646 1385 679 1449 et
702 1374 862 1450 mortalia
889 1375 1142 1473 despicientem
1171 1387 1272 1475 atque

205 1504 334 1570 aeterna
353 1519 394 1570 ao
412 1497 526 1571 divina
545 1497 793 1594 suspicientem
811 1497 1029 1572 intellexeris.
1047 1498 1114 1572 Hie
1130 1501 1272 1590 sensus,

210 1616 290 1712 qui,
308 1615 417 1691 saeris
431 1639 450 1690 e
464 1616 587 1691 litteris
604 1626 712 1706 ortus,
727 1615 876 1691 Pascalii
887 1626 921 1692 et
936 1615 1110 1691 Bossuetii
1122 1617 1159 1691 in
1176 1618 1271 1692 libris

207 1737 306 1836 quasi
325 1739 405 1812 vivit
422 1750 457 1814 et
474 1739 601 1838 spirat,
628 1761 647 1812 e
665 1739 799 1813 Lucani
822 1760 962 1837 quoque
987 1739 1168 1829 versibus,
1187 1763 1272 1838 quos

208 1865 274 1939 sibi
290 1864 512 1963 potissimum
530 1864 681 1940 vindicat
697 1864 879 1954 Porticus,
898 1864 1085 1962 aliquando
1106 1866 1271 1963 erumpit.

177 1990 178 1993 ’
206 1987 298 2083 Lege
315 1987 418 2061 verba
438 2009 515 2083 quae
533 2010 623 2083 sagae
639 1987 814 2062 Thessalae
831 1987 954 2062 tribuit
969 1996 1002 2061 et
1019 1987 1149 2083 quibus
1169 1990 1273 2086 phar·

207 2109 313 2184 salica
331 2108 491 2183 innuitur
505 2133 637 2207 pugna,
657 2134 697 2185 ac
712 2088 888 2185 Caesarum
904 2111 1050 2185 numina
1067 2110 1271 2186 irridentur.

207 2228 273 2303 Hic
292 2229 452 2326 quantuli
471 2238 570 2326 poeta
590 2240 709 2305 noster
723 2230 876 2304 humana
892 2229 1012 2304 lecerit
1029 2230 1164 2326 lastigie
1180 2231 1273 2305 vide-

208 2349 273 2425 bis
293 2350 371 2425 Non
383 2352 457 2426 vult
472 2352 633 2427 homines
649 2352 691 2426 de
705 2352 813 2449 gloria
830 2373 942 2449 parvae
960 2351 1035 2425 vitae
1051 2374 1127 2426 esse
1142 2351 1274 2426 sollici·

207 2485 280 2562 tos;
310 2496 392 2546 narn
423 2474 508 2548 hora
536 2473 651 2549 veniet
677 2497 754 2572 quae
777 2475 883 2548 duces
912 2495 1033 2548 omnes
1056 2472 1214 2548 misceat.
1244 2475 1272 2548 A

206 2593 342 2670 Caesare
359 2596 598 2695 Pompeioque
622 2621 736 2689 nunc,
754 2581 850 2680 tanto
868 2599 1036 2695 sanguine
1054 2598 1183 2687 effuso,

312 2806 397 2873 Quem
411 2804 546 2861 tumulum
559 2805 628 2876 Nili,
643 2819 724 2876 quem
739 2803 858 2862 Tibridis
873 2803 966 2861 adluat
978 2803 1066 2874 unda,

313 2899 464 2972 Quaeritur,
477 2904 505 2956 et
517 2900 635 2958 ducibus
647 2904 753 2957 tantum
766 2900 799 2956 de
813 2899 908 2957 sunere
921 2913 1012 2971 pugna
1027 2903 1071 2956 est
1082 2895 1100 2955 ¹.

254 3075 437 3148 Lucanum
468 3095 607 3172 quoque
638 3074 811 3150 contendo
840 3096 916 3149 esse
945 3071 1272 3169 religiosissimum,

205 3196 286 3293 quia
314 3195 357 3270 de
385 3196 552 3291 religione
584 3218 708 3293 magna
738 3195 951 3284 sentit,*nee
980 3193 1050 3273 Deo
1075 3194 1271 3293 quidquam

205 3317 359 3413 assignat
382 3316 475 3413 quod
502 3317 547 3391 sit
569 3327 664 3391 tanto
691 3319 836 3392 numine
854 3317 1050 3413 indignum.
1075 3317 1164 3391 Rem
1188 3340 1271 3394 cum

205 3438 347 3537 cupiam
366 3437 580 3527 dilucidare,
608 3440 727 3530 verba,
746 3440 873 3536 quibus
900 3438 983 3514 Cato
1013 3439 1167 3515 Labieno
1186 3464 1270 3516 sua-

205 3562 300 3636 denti
316 3573 355 3635 ut
373 3562 415 3635 de
434 3560 516 3636 belli
534 3572 658 3636 eventu
672 3562 855 3637 Ammonis
874 3561 1056 3636 oraculum
1072 3562 1271 3638 sciscitetur

204 3684 407 3780 respondet,
427 3684 479 3755 vix
498 3684 609 3757 audeo
624 3695 684 3758 aut
701 3683 874 3781 prolerre,
887 3683 980 3779 quod
994 3683 1172 3758 notissima
1185 3741 1194 3773 ,
1209 3696 1270 3759 aut

204 3808 484 3905 praetermittere,
504 3808 598 3904 quod
617 3797 852 3905 pulcherrima
873 3818 974 3881 sunt:

239 4116 248 4153 ⁴
263 4117 376 4185 Places,
391 4115 409 4171 l.
423 4117 448 4186 l,
462 4130 486 4171 u.
502 4119 563 4173 454.

239 4207 376 4279 ²Ptocs.,
390 4208 409 4264 l.
424 4209 473 4281 Vl,
487 4223 513 4265 v.
529 4212 590 4265 8l0.
