2970 5190
608 523 675 596 ror
780 494 783 498 ’

267 672 315 730 1111
328 671 414 742 igitur
426 684 566 742 nunqnam
579 671 679 729 direxit
691 670 804 728 brachia
817 674 913 727 contra

267 771 446 840 Torrentem;
462 781 513 825 nec
527 769 597 825 civis
610 773 671 826 erat
683 767 732 840 qni
744 767 831 824 libera
842 772 940 837 posset

268 864 358 924 Verba
371 862 454 920 animi
469 863 608 938 prolerre,
623 869 651 921 et
663 864 745 921 vitam
760 863 918 934 impendere
930 876 995 920 vero
1010 863 1025 922 ¹.

156 1039 242 1126 Quis
269 1059 352 1113 enrn
378 1037 498 1112 docuit
525 1037 641 1112 omnia
672 1034 827 1134 corporis
852 1034 943 1108 mala
971 1035 1177 1133 praeanimi

108 1158 211 1232 malis
236 1179 312 1232 esse
338 1179 463 1255 parva,
491 1167 525 1230 et
549 1177 671 1231 omnes
690 1154 819 1229 doloris
844 1176 982 1229 morsus
1007 1156 1177 1231 dedecore

108 1300 185 1353 esse
207 1277 385 1376 potiores?
410 1274 514 1364 Quis,
537 1275 605 1349 nisi
623 1274 731 1348 stoica
748 1274 971 1373 philosophia
992 1284 1026 1350 et
1041 1275 1177 1350 stoicis·

108 1419 190 1471 sans
215 1395 354 1470 Marcus
372 1393 527 1485 Tullius,
556 1395 658 1492 cujus
686 1394 817 1469 nobilio
846 1393 921 1469 hoec
950 1404 1034 1469 sunt
1053 1394 1176 1471 verba:

112 1519 330 1594 «Detrahere
348 1516 454 1615 igitur
478 1515 578 1590 alteri
604 1517 752 1614 aliquid,
770 1526 805 1590 et
826 1517 1006 1591 hominem
1024 1517 1177 1594 hominis

109 1641 335 1718 incommodo
354 1662 459 1714 sunm
477 1661 605 1736 augere
622 1640 867 1729 commodum,
886 1639 999 1737 magis
1022 1651 1074 1714 est
1092 1653 1193 1717 con-'

108 1775 162 1838 tra
181 1773 362 1853 naturam,
386 1785 492 1860 qnam
512 1785 624 1853 mors,
643 1785 750 1861 quam
768 1774 972 1862 paupertaS,
990 1787 1097 1863 quarn
1115 1765 1178 1840 do-

109 1889 178 1978 lor,
196 1894 303 1986 quam
319 1898 442 1964 caetera
459 1911 536 1986 quae
554 1899 702 1987 possunt
715 1900 776 1963 aut
791 1889 928 1987 corpori
944 1889 1101 1965 accidere
1119 1899 1180 1964 ant

110 2011 217 2086 rebus
232 2011 444 2087 externisi.»
464 2010 565 2086 Hanc
580 2010 739 2087 eamdem
755 2010 963 2086 sententiam
980 2011 1178 2088 111111111-

109 2131 212 2205 lentis
231 2141 264 2205 et
281 2129 458 2230 praeclaris
476 2131 643 2229 expressit
660 2113 1178 2222 11111111111111111,11111111
1280 2206 1285 2213 ,

108 2276 285 2351 unquam,
300 2275 366 2328 nec
381 2252 476 2352 apud
490 2262 642 2344 veteres,
657 2276 723 2329 mec
739 2254 833 2352 apud
847 2253 1075 2346 recentiores,
1089 2254 1177 2329 rnihi

112 2377 238 2475 legisse
257 2377 374 2452 videar
388 2376 595 2452 sublimius:
685 2387 687 2390 ’

285 2580 351 2638 Esto
364 2577 455 2635 bonus
468 2576 561 2650 miles,
575 2580 651 2634 tutor
662 2576 767 2649 bonus,
782 2576 885 2634 arbiter
896 2576 968 2635 idem

283 2676 407 2746 integer:
421 2674 555 2745 ambiguae
569 2675 593 2731 si
607 2673 717 2745 qnando
731 2673 851 2730 citabere
864 2674 945 2731 testis

287 2771 457 2840 incertaque
469 2769 525 2840 rei,
538 2768 662 2827 Phalaris
675 2769 741 2825 licet
753 2769 868 2839 imperet
881 2772 911 2825 11
924 2768 964 2824 sis

288 2867 400 2937 Falsus,
414 2871 442 2924 11
456 2866 565 2924 admoto
579 2867 664 2924 dictet
676 2865 905 2938 perlucidarum,

286 2964 426 3020 Summum
440 2961 521 3018 crede
534 2960 612 3019 nefas
625 2961 742 3018 animam
755 2957 884 3031 praeierre
898 2957 1012 3030 pudori,

286 3057 320 3115 Et
332 3060 444 3127 propter·
454 3057 537 3114 vitam
551 3056 660 3114 vivendi
672 3055 788 3128 perdere
802 3069 901 3113 causas
911 3053 928 3112 ³.

158 3225 422 3303 illustrissimus
440 3226 672 3326 philosophus
695 3228 755 3326 qui
775 3227 867 3326 apud
885 3222 1095 3318 Germanos,
1112 3249 1176 3302 no·

109 3348 250 3423 vissimo
268 3349 411 3425 finiente
430 3349 576 3440 saeculo,
596 3351 750 3425 nobilem
767 3351 915 3426 Zenonis
934 3350 1175 3450 disciplinam,

110 3473 146 3546 in
170 3494 210 3546 eo
229 3471 323 3568 qnod
347 3472 522 3548 admones
544 3473 685 3565 attinet,
708 3475 859 3549 restitnit
879 3484 913 3548 et
935 3473 1175 3571 amplificavit,

109 3591 257 3666 Kantius
269 3592 334 3666 hos
349 3591 437 3666 duos
453 3592 596 3667 ultimos
606 3616 726 3667 versus
738 3594 773 3667 in
788 3616 847 3667 ore
859 3616 997 3692 semper
1011 3591 1177 3666 habuisse

110 3713 248 3788 dicitur.
276 3714 350 3788 Nec
376 3715 526 3809 mirum3
554 3716 701 3790 eximius
727 3716 785 3791 ille
813 3716 943 3791 stoicus
971 3715 1047 3790 haec
1071 3713 1176 3790 verba

111 3836 230 3910 nescio
249 3836 335 3934 quid
351 3837 502 3911 stoicum
520 3837 678 3913 redolere
695 3836 877 3912 sentiebat.

147 4081 154 4110 ¹
169 4085 229 4140 Juv.
244 4083 375 4155 Soc.,1v,
391 4096 417 4139 1.
433 4086 476 4140 19,

146 4175 225 4234 ’Cic
237 4181 281 4233 De
297 4176 366 4250 off„
381 4177 503 4250 1.111,1.
518 4183 544 4236 5.

148 4271 314 4342 11111111,
328 4272 403 4344 11111,
418 4285 443 4328 v.
458 4273 504 4330 78.
