2970 5190
628 509 700 582 lor

133 668 269 736 constat
287 680 381 733 curae
394 656 580 754 praecipuae
598 654 716 729 stoicis
734 673 849 725 servos
867 650 984 724 fuisse.
1002 650 1081 724 Non
1100 648 1199 722 aliter

132 780 307 858 luvenalis
325 779 498 886 loquitur}
518 780 586 852 nisi
604 776 698 875 quod
723 775 858 872 primus
876 794 996 847 versus
1014 793 1140 869 parum
1165 780 1200 844 et

132 905 270 981 videtur
283 913 317 977 et
331 913 383 977 est
397 902 546 976 stoicus:

239 1082 332 1142 Mitem
346 1081 479 1150 animum,
492 1081 521 1135 et
536 1089 627 1134 mores
642 1073 759 1132 modicis
773 1070 914 1128 erroribus
927 1083 1022 1141 aequos

239 1177 380 1247 Praecipit,
394 1179 476 1246 atque
489 1175 596 1231 animos
609 1184 750 1229 servorum
763 1175 791 1227 et
804 1182 921 1240 corpora
935 1175 1029 1224 nostra

240 1276 354 1333 Materia
369 1278 496 1331 constare
510 1277 588 1345 putet
601 1271 769 1342 paribusque
780 1251 944 1325 elemcntisl

240 1376 279 1432 An
293 1375 388 1431 saevire
403 1373 485 1431 docet
500 1372 624 1443 Rutilus,
641 1370 687 1441 qui
701 1369 804 1440 gaudet
816 1364 916 1424 acerbo

239 1467 382 1539 Plagarum
399 1467 530 1537 strepitu,
544 1469 572 1522 et
587 1464 690 1520 nnllam
705 1463 800 1518 Sirena
813 1459 929 1531 flagellis

241 1563 400 1631 comparat,
414 1559 575 1628 Antiphates
588 1556 687 1629 trepidi
700 1554 776 1611 Laris
789 1568 821 1609 ac
836 1552 1032 1623 Polyphemus,

241 1653 310 1708 Tum
324 1651 404 1722 felix,
420 1651 529 1722 quoties
542 1649 641 1720 aliquis
656 1652 760 1704 tortore
773 1650 871 1702 vocato

241 1744 334 1801 Uritur
346 1743 456 1802 ardenti
465 1750 579 1814 propter
593 1740 648 1797 duo
662 1739 747 1795 lintea
761 1738 834 1794 terro
849 1735 877 1792 ¹?

538 2078 684 2156 CAPUT
708 2077 796 2152 XVI.

429 2249 476 2303 ou
493 2193 618 2304 rnnsm
636 2246 751 2302 noum
768 2243 900 2299 snorco.

184 2419 235 2494 Ex
253 2419 418 2494 omnibus
443 2419 554 2517 poetis
577 2418 636 2516 qui
655 2418 786 2492 litteras
806 2438 968 2490 romanas
988 2416 1062 2513 jam
1083 2437 1201 2488 senes-

136 2551 253 2615 centes
269 2539 555 2628 nobilitaverunt,
575 2539 693 2613 nullus
708 2538 855 2612 Zenonis
873 2536 1040 2610 institutis
1059 2548 1093 2609 et
1110 2558 1200 2632 prae-

136 2664 245 2761 ceptis
259 2673 329 2736 tarn
344 2662 411 2737 alte
424 2664 582 2738 imbutus
596 2663 660 2736 suit
673 2686 778 2759 quam
790 2661 942 2735 Persius.
960 2660 1071 2744 Quem
1087 2669 1200 2732 totum

136 2783 202 2857 sibi
217 2783 371 2857 vindicat
387 2785 552 2881 praeclara
572 2782 629 2856 illa
648 2783 937 2880 philosophorum
958 2779 1086 2854 familia
1108 2800 1201 2874 quae,

137 2906 302 2980 omnibus
327 2906 370 2979 ad
395 2906 596 2980 servitutem
623 2906 825 2994 ruentibuS,
853 2905 1004 3000 antiquae
1032 2901 1201 2976 libertatis

136 3028 271 3103 fortiter
288 3028 441 3126 suscepit
458 3027 712 3125 patrocinium,
731 3039 765 3102 et
781 3027 910 3102 saeculo
929 3049 1017 3120 pene
1040 3025 1202 3098 universo

137 3154 173 3227 in
192 3153 367 3228 luxuriam
388 3153 534 3243 fluente,
560 3177 666 3250 puros
685 3163 788 3250 atque
811 3154 963 3249 integros
991 3175 1105 3225 mores
1126 3174 1202 3224 ser-

137 3275 240 3363 vavit,
266 3282 369 3370 atque
395 3273 516 3346 alienis
542 3274 681 3369 flagitiis
706 3273 830 3347 maluit
856 3296 974 3347 carere
1001 3295 1105 3368 quam
1135 3271 1204 3359 uti,

138 3419 178 3470 eo
204 3396 460 3485 admirabilior,
484 3396 577 3492 quod
603 3396 697 3469 nulla
716 3398 786 3471 sive
808 3396 961 3485 caduca,
983 3396 1052 3468 sive
1076 3404 1203 3467 aeterna

138 3520 183 3595 ob
201 3519 360 3619 praemia,
379 3520 439 3594 sed
459 3521 564 3594 tinius
583 3520 698 3593 studio
717 3520 873 3608 virtutis,
897 3519 1060 3591 virtutem
1084 3515 1202 3590 coluit.

139 3642 185 3715 Ut
207 3643 313 3738 igitur
329 3641 457 3716 nobilis
475 3643 550 3716 baec
576 3642 705 3715 familia
733 3642 823 3715 inter
850 3664 931 3714 suos
950 3638 1146 3712 numeravit
1171 3647 1206 3711 et

138 3783 273 3836 severos
291 3761 381 3834 intra
402 3760 551 3857 parietes
575 3761 661 3835 aluit
678 3761 867 3834 Thraseam
894 3768 1115 3846 senatorum,
1133 3757 1206 3830 An·

138 3885 301 3959 toninum
323 3883 544 3981 principum,
568 3885 768 3982 Epictetum
797 3905 974 3958 servorum
1005 3880 1204 3979 specimen,

139 4017 173 4078 et
195 4004 354 4078 Tacitum
381 4003 499 4078 sortita
525 4015 576 4077 est
600 4005 735 4101 egregie
762 4005 932 4079 sactorum
959 4002 1203 4098 dictorumque

180 4249 186 4285 ¹
199 4250 258 4305 lun.
273 4249 346 4314 Sat,
360 4246 425 4318 xlv,
440 4261 465 4303 v.
480 4251 522 4304 l5.
