2970 5190
707 480 710 485 ’
729 479 751 552 7

258 624 288 697 A
315 647 372 697 me
401 636 516 696 autem
547 625 630 712 hoo,
663 624 899 719 quodcunque
928 634 995 712 cst,
1024 623 1217 696 admirante
1243 634 1277 697 et

210 747 402 845 pulchrum
419 745 574 835 dicente,
590 746 618 818 si
638 746 715 842 quis
733 746 819 818 sorte
835 744 919 840 quid
932 746 976 817 sit
990 745 1197 842 pulchrum,
1214 768 1275 841 ge-

211 872 364 946 neratim
381 871 661 958 consideratum,
677 881 863 966 quaereret,
884 891 953 942 non
974 868 1068 942 illico
1084 879 1176 943 certe
1191 870 1276 966 quid

209 991 381 1089 quaerenti
398 990 644 1086 responderem
660 991 846 1078 haberem,
865 1012 929 1063 nec
947 989 1063 1086 ipsum
1081 990 1277 1063 Homerum

209 1115 315 1189 credo
346 1114 452 1186 luisse
484 1112 699 1185 habiturum.
728 1112 832 1185 Aliud
862 1123 913 1184 est
939 1112 1033 1184 enirn
1062 1112 1276 1207 singularem

209 1236 401 1335 quamdam
421 1258 512 1324 rem,
532 1256 653 1308 omnes
673 1235 747 1332 ejus
764 1244 878 1330 partes
894 1234 1015 1308 ordine
1034 1234 1275 1331 persequendo

207 1346 242 1434 et
266 1357 501 1446 recensendo,
520 1356 720 1429 minutatim
740 1355 957 1444 describere3
985 1355 1099 1445 aliud,
1118 1356 1275 1452 ejusdem

207 1482 257 1557 rei
277 1491 456 1570 naturam,
472 1479 649 1577 propriam
668 1479 773 1553 simul
790 1502 830 1552 ac
845 1501 1092 1570 communem,
1111 1479 1275 1554 brevibus
1354 1482 1358 1492 '

206 1602 321 1676 verbis
346 1601 542 1698 iisdemque
562 1600 730 1674 dilucidis
754 1600 924 1675 definire:
944 1600 1030 1673 illud
1055 1611 1183 1698 poetae,
1207 1600 1275 1675 hoc

209 1723 410 1822 philosophi
426 1733 487 1796 est.
1083 1788 1084 1791 ,

256 1846 377 1942 ltaque
400 1847 597 1935 Socratem,
623 1846 724 1919 illum
751 1845 981 1944 philosophiae
1008 1845 1216 1940 magistrum
1242 1857 1276 1921 et

208 1965 421 2055 antistitem,
440 1965 534 2062 apud
558 1965 826 2062 Xenophontem
850 1975 883 2039 et
909 1964 1091 2038 Platonem
1109 1965 1275 2061 legimus

209 2111 444 2185 quaecumque
471 2112 525 2162 res
554 2089 807 2162 consideranda
833 2088 1009 2185 proposita
1036 2088 1172 2178 luisset,
1200 2091 1275 2188 ejus

207 2209 277 2281 vim
306 2232 346 2283 ac
372 2221 535 2282 naturam
562 2209 881 2304 acolloquentihus
909 2208 1046 2282 deliniri
1066 2208 1190 2305 jubere
1216 2221 1276 2284 aut

207 2327 325 2424 ipsum
356 2349 434 2400 eam
466 2327 612 2401 definire
643 2314 797 2400 solitum.
833 2327 917 2412 Quis
949 2339 1001 2400 est
1030 2350 1135 2423 quem
1166 2327 1276 2423 fugiat

160 2454 164 2458 ’
208 2450 366 2524 Platonis
384 2451 539 2546 dialogos
562 2454 615 2546 (ut
640 2450 682 2523 de
709 2450 959 2524 celebrioribus
987 2449 1102 2524 solum
1120 2450 1273 2549 loquar),

207 2571 267 2668 qui
300 2570 515 2657 Canninium,
548 2570 697 2669 Hippios
727 2572 859 2667 major,
889 2571 1075 2661 Phaedrus,
1110 2571 1271 2667 Gorgion,
1329 2556 1333 2563 ¹

209 2693 384 2767 Theetetos
409 2693 667 2782 inscribuntur,
692 2694 727 2766 in
748 2716 881 2781 amore,
900 2694 1178 2791 pulchritudine,
1202 2693 1273 2769 elo-

207 2817 348 2912 quentia
368 2828 401 2889 et
424 2815 570 2889 scientia
588 2815 794 2888 definiendis
814 2825 952 2889 tantum
971 2836 1042 2887 non
1068 2816 1172 2890 unice
1194 2840 1273 2890 ver-

206 2924 301 3012 sari?
318 2939 356 3012 In
372 2939 501 3034 quibus
516 2949 602 3035 quot
616 2939 787 3035 sophistas
803 2938 937 3012 induxit
952 2938 1078 3012 nobilis
1092 2939 1150 3012 ille
1162 2939 1274 3037 philo·

207 3061 358 3156 sophuS‚
382 3060 460 3156 qui,
476 3060 616 3156 ingenio
634 3060 785 3134 oratorio
805 3070 864 3133 aut
886 3061 1020 3156 poetico
1038 3061 1149 3157 magis
1167 3086 1273 3159 quam

205 3170 454 3279 philosophico
484 3183 638 3278 praediti,
665 3183 817 3256 Socratis
849 3182 1042 3256 disserendi
1070 3184 1195 3257 rationi
1220 3185 1274 3258 vix

207 3329 283 3379 sese
305 3306 443 3402 fingunt
471 3318 504 3379 et
528 3306 819 3403 accommodant3
838 3307 1017 3395 dum'illi,
1044 3299 1192 3404 pulchro
1215 3319 1275 3381 aut

207 3428 313 3500 etiam
333 3426 405 3500 sola
430 3427 570 3524 pulchri
596 3428 710 3525 specie
734 3429 910 3518 delectati,
935 3429 977 3501 de
1001 3451 1039 3501 re
1064 3453 1275 3525 unaquaque

207 3547 333 3643 longa,
349 3547 461 3621 sutilia
475 3561 509 3620 et
524 3549 711 3645 aliquando
724 3550 840 3647 inepta
856 3549 1127 3637 clamitant,'hic
1141 3560 1273 3642 autem,

208 3681 249 3744 ut
269 3670 450 3744 hominem
470 3671 570 3745 dccet
593 3673 784 3770 sapientem
809 3684 844 3746 et
863 3674 968 3747 unica
994 3673 1150 3747 discendi
1173 3675 1274 3772 cupi-

213 3791 321 3864 ditate
340 3790 547 3879 incensum,
572 3803 733 3865 accurate
751 3793 921 3889 perquirit
944 3792 1028 3889 quid
1051 3815 1105 3866 res
1129 3816 1275 3889 quaeque

212 3911 357 3999 habeat,
376 3923 409 3984 et
424 3911 517 4006 quod
536 3911 610 3984 haec
627 3934 705 3984 vere
723 3921 774 3984 est
792 3911 834 3985 ab
853 3911 1000 4006 eoquod
1016 3911 1184 3985 mentitur
1202 3912 1277 3985 dili-

211 4043 338 4129 genter
357 4033 516 4106 secernit.
536 4031 625 4105 Cum
650 4033 810 4108 homines
826 4033 862 4105 in
885 4033 1046 4106 Conuiuia
1058 4033 1179 4130 jocose
1195 4033 1278 4107 illu-

213 4155 265 4234 dit
283 4154 404 4243 Plat0,
428 4154 470 4227 de
489 4154 647 4251 pulchris
671 4154 845 4244 versibus,
867 4154 910 4228 de
935 4154 1092 4252 pulchris
1113 4155 1278 4229 orationi-

1432 1136 1445 1173 J
