2970 5190
592 460 638 533 79

128 583 310 658 Incassum
325 583 387 656 Dei
404 581 553 678 gratiam
578 595 612 656 et
633 582 803 656 beneficia
821 582 963 679 aliquis,
977 582 1145 680 appositis

78 704 246 804 dapibuS,
261 715 394 804 captet,
412 704 530 802 judice
545 703 666 779 Persio
676 731 693 796 ;·
705 727 788 778 nam
805 715 946 779 contra:

151 922 387 940 ......
409 883 534 940 Grandes
547 884 648 954 patina
661 887 809 955 tucetaquc
822 898 917 940 crassa

150 975 277 1032 dnnuere
289 975 332 1031 his
345 989 471 1047 superos.
477 980 604 1049 vetuere,
617 979 765 1049 lovemque
780 983 922 1036 morantur
935 977 951 1033 ¹.

128 1133 275 1208 Frustra
289 1133 327 1210 in
341 1133 473 1208 hostias
486 1133 557 1208 Deo
571 1133 775 1209 mactandas
788 1144 822 1209 et
835 1134 871 1208 in
885 1156 988 1208 aurea
1002 1154 1081 1207 vasa
1094 1154 1149 1206 sa·

81 1256 283 1332 cerdotibus
307 1254 483 1331 offerenda
506 1279 675 1353 magnum
698 1256 854 1332 effundat
877 1256 1147 1355 patrimonium:

81 1401 153 1453 non
168 1388 326 1468 externa,
341 1378 401 1452 sed
416 1378 552 1453 interna
566 1379 658 1454 bona
674 1380 717 1453 ab
733 1402 773 1453 co
786 1379 932 1476 requirit
945 1378 1048 1454 Deus.

130 1497 482 1599 Praectara'quaedam
501 1501 543 1576 de
567 1502 747 1578 sacrificiis
771 1503 836 1577 rite
858 1503 1099 1602 perpetrandis
1118 1513 1151 1577 et

81 1622 124 1698 de
139 1623 325 1721 offerendis
338 1625 409 1698 Deo
424 1624 632 1700 muneribus
646 1625 787 1724 scripsit
803 1625 918 1716 Plato,
934 1649 1012 1722 quae
1027 1636 1151 1701 auctor

80 1747 174 1822 inter
185 1758 342 1824 recentes
361 1737 625 1839 celeberrimus,
641 1749 678 1822 in
692 1771 732 1822 eo
749 1772 852 1846 opere
868 1750 960 1846 quod
975 1749 1017 1823 de
1032 1749 1149 1845 legum

10 1877 12 1879 ’
81 1869 223 1968 ingenio
251 1869 468 1968 composuit,
486 1868 585 1944 valde
602 1869 750 1943 miratus
775 1871 863 1944 estl.
891 1869 974 1943 Vult
999 1869 1153 1966 philoso-

81 1993 174 2090 phus
193 1993 406 2067 atheniensis
430 2015 575 2089 superos
594 2013 665 2066 non
682 1991 784 2066 facile
802 1991 983 2066 sacrificiis
1001 1991 1151 2089 placari,

83 2139 212 2213 eosque
231 2105 411 2190 contendit
435 2115 626 2212 impiorum
645 2137 809 2213 respuere
826 2137 995 2204 munera,
1022 2113 1151 2212 quippe

83 2258 162 2334 quae
180 2257 199 2309 a
214 2234 371 2332 quolibet
385 2235 545 2324 homine,
561 2235 590 2308 si
609 2235 714 2309 modo
730 2235 774 2309 sit
788 2234 1011 2309 mediocriter
1028 2234 1153 2308 hones·

83 2369 159 2449 tus,
183 2381 265 2433 non,
282 2358 510 2456 accipiantur.
536 2353 728 2458 Praeterea,
750 2359 887 2456 ¹egregio
912 2359 962 2432 itti
987 2359 1076 2448 viro,
1099 2357 1152 2431 Ci-

84 2478 274 2575 ceronique
305 2478 380 2574 ejus
412 2477 585 2575 discipulo
617 2479 731 2576 placet
760 2501 831 2552 non
861 2477 1041 2578 splendida
1072 2488 1152 2550 ante

84 2621 161 2672 aras
179 2597 320 2694 congeri
336 2597 444 2687 dona,
458 2619 523 2671 neo
545 2597 663 2670 omnia
681 2597 717 2671 in
735 2598 873 2695 templis
892 2621 976 2672 auro
993 2607 1154 2692 argento·

85 2744 154 2819 que
171 2721 322 2816 fulgerc3
346 2720 417 2794 sola
446 2720 541 2793 enim
571 2719 811 2793 venerantium
836 2720 964 2817 pictate
988 2700 1152 2793 delectari

84 2846 209 2920 Deum.
238 2845 321 2920 Haec
345 2843 468 2919 eadem
495 2845 626 2919 stoicus
652 2854 770 2918 noster
796 2855 896 2942 pocta
923 2844 1151 2918 nobilissimis

84 2965 242 3040 versibus
261 2963 464 3055 declaravit,
492 2964 620 3061 quibus
647 2987 725 3039 vasa
753 2965 940 3062 magnifica
967 2988 992 3063 a
1012 2964 1152 3062 templis

84 3089 256 3164 removeri
265 3087 525 3185 jubet,.easque
543 3097 724 3163 terrestres
743 3078 1012 3186 coelestiumque
1030 3089 1152 3164 inanes

86 3211 238 3311 appellat
252 3212 386 3286 animas
405 3234 483 3309 quae
496 3212 585 3287 Deos
604 3211 670 3287 sibi
685 3213 825 3310 fingunt
838 3212 991 3287 habendi
1006 3213 1153 3312 cupidos

86 3357 279 3432 corumque
296 3333 333 3407 in
351 3333 543 3430 penetralia
560 3343 697 3408 nostros
714 3355 830 3408 mores
847 3333 1062 3408 immittunt:

194 3515 265 3584 Quin
279 3515 375 3573 damus
389 3516 416 3572 id
431 3517 557 3588 Superis,
572 3516 606 3573 dc
622 3530 719 3587 magna
732 3516 805 3587 quod
820 3516 885 3573 dare
898 3516 977 3573 lance

194 3613 255 3672 Non
271 3614 361 3685 possit
373 3615 464 3684 magni
478 3614 604 3674 Messalae
617 3614 691 3685 lippa
704 3627 840 3686 propago,

194 3712 380 3782 compositum
390 3713 437 3782 jus
450 3710 547 3783 sasque
561 3712 668 3783 animo,
682 3715 849 3782 sanctosque
863 3723 993 3767 recessus

192 3804 307 3875 Mentis,
325 3809 353 3861 et
365 3805 504 3862 incoctum
517 3818 653 3875 generoso
667 3809 765 3876 pectus
780 3800 934 3861 honesto³t
1038 3796 1039 3799 ’

127 4026 135 4056 ¹
147 4029 222 4084 Pers.
236 4031 300 4085 Sat.
315 4029 352 4099 lt,
366 4043 392 4086 v.
407 4031 451 4088 42.

125 4121 285 4196 ‘tronum
300 4127 385 4196 Espr.
402 4123 451 4180 des
463 4123 530 4191 lois,
545 4123 554 4179 l
577 4123 653 4195 XXV,
667 4137 692 4180 c.
706 4125 732 4178 7,

10 4302 13 4307 Α
113 4215 481 4299 '³Pers.Sat.tl‚v.7t.'
530 4257 532 4260 -
