2970 5190
691 489 742 567 38

146 739 149 744 q
175 647 321 721 tendum
344 658 378 722 et
404 648 691 746 persequendum
714 630 934 738 jndiea'vem,
962 649 1068 726 adid
1093 672 1274 757 expeten-

176 768 261 842 dum
279 779 312 843 et
330 771 614 868 persequendum
635 761 808 865 posterior
825 765 892 841 hoc
909 768 987 866 ipso
1001 771 1148 870 judicio
1168 807 1272 861 nun-

175 913 282 987 quam
305 901 496 965 moveatur.
525 888 689 985 Alioqui,
707 884 790 981 quid
813 898 903 960 esset
919 911 985 962 cur
1005 902 1271 1002 unusquisque

174 1013 422 1110 paterfamilias
450 1012 551 1086 bonis
578 1007 750 1086 institutis
773 1005 983 1085 imbuendos
1001 1032 1151 1095 curaret
1168 1024 1268 1113 libe-

175 1156 298 1208 rorum
317 1133 476 1208 animos‘l
494 1133 584 1219 Quid
603 1140 697 1206 esset
715 1152 778 1204 cur
795 1130 1006 1208 christianus
1021 1150 1148 1217 orator
1161 1152 1267 1244 quis.

175 1256 303 1353 quein
332 1254 487 1328 fidelium
521 1254 628 1329 corda
660 1272 796 1324 sacram
827 1274 846 1324 e
873 1254 1037 1330 cathedra
1069 1283 1265 1362 spargeret

176 1373 393 1464 doctrinam,
421 1383 455 1446 et
483 1394 605 1448 omnes
638 1369 797 1442 omnium
828 1380 1028 1469 temporum
1059 1381 1264 1482 scriptores

175 1520 215 1572 eo
242 1498 371 1573 melios
395 1497 558 1573 audirent
580 1514 652 1593 quo
679 1492 883 1568 melioribus
907 1495 1134 1578 abundarent
1162 1532 1261 1607 prae.

175 1623 309 1720 ceptis?

223 1745 413 1836 Praeterea,
430 1742 497 1816 nisi
514 1743 620 1816 homo
639 1738 821 1813 hominem
837 1740 1002 1820 virtutem
1021 1747 1153 1829 docere
1171 1781 1258 1855 pos-

174 1881 242 1960 set,
260 1892 331 1944 non
357 1868 455 1941 video
478 1861 655 1968 quomodo
682 1860 812 1935 litteras
840 1876 901 1938 aut
928 1879 1017 1943 artes
1044 1888 1168 1969 posset
1187 1882 1256 1957 do-

174 2014 263 2067 cere.
284 1991 362 2064 Non
380 1990 475 2063 enim
490 1986 625 2061 facilius
645 1993 696 2056 est
710 2005 787 2079 quaa
799 1995 833 2059 et
847 2001 976 2082 quanta
994 1991 1039 2066 sit
1053 1980 1254 2096 poematis,

174 2121 235 2184 aut
261 2110 363 2207 pictae
380 2106 524 2196 tabulae,
543 2125 649 2202 quarn
673 2103 800 2198 egregii
824 2104 988 2183 facinoris
1012 2114 1253 2208 pulchritudo

175 2233 374 2329 explanare,
393 2242 427 2304 et
457 2229 530 2325 ejus
561 2247 679 2301 amore
708 2225 894 2301 hominum
921 2231 1144 2313 inflammare
1170 2246 1253 2318 ani-

174 2377 269 2442 mos3
285 2355 330 2427 ita
350 2363 389 2428 ut
406 2374 469 2425 nos
488 2361 626 2438 omnes,
641 2370 723 2421 cum
738 2348 934 2426 litterarum
952 2366 986 2429 et
999 2359 1146 2451 artium,
1167 2377 1251 2445 tum

175 2477 354 2575 sapientiae
372 2459 582 2573 professores
598 2472 715 2561 oleum
731 2482 764 2546 et
777 2483 915 2574 tempus
929 2481 1136 2578 perdamus,
1155 2491 1249 2568 dum

176 2599 354 2675 nobilibus
369 2600 424 2673 his
442 2598 570 2673 nostris
588 2595 827 2672 incumbimus
846 2601 984 2678 studiis.

222 2723 300 2797 Non
320 2723 369 2796 sio
387 2720 607 2795 existimabat
622 2719 769 2808 Seneca,
791 2743 873 2795 cum
891 2721 1014 2815 Attali,
1032 2726 1154 2821 Sextii,
1174 2734 1246 2811 So-

175 2844 280 2918 tionis
309 2844 528 2939 aliorumque
553 2862 738 2938 generosas
762 2841 1020 2920 adhortationes
1044 2858 1116 2924 tam
1141 2868 1247 2949 grato

177 2967 294 3040 animo
321 2974 631 3053 commemorarem
660 2985 731 3036 non
760 2963 810 3038 sic
836 2965 978 3042 Persius
1002 2981 1062 3044 aut
1089 2972 1247 3055 Antoni-

176 3111 264 3177 nuS,
295 3086 355 3183 qui
385 3075 480 3161 tanto
514 3107 632 3160 amore
663 3108 744 3160 suos
779 3070 1079 3184 amplectebantur
1107 3101 1244 3194 magis-

176 3219 268 3299 tros3
288 3231 359 3283 non
377 3207 426 3282 sic
441 3209 513 3306 ipse
526 3207 665 3283 Tacitus
677 3209 755 3305 qui,
774 3231 855 3283 cum
873 3210 937 3284 hos
952 3211 1147 3313 simpliceS,
1163 3223 1244 3300 sine

175 3330 274 3419 fuce,
292 3339 325 3403 et
340 3351 417 3402 vere
435 3348 581 3426 magnos
592 3328 682 3402 viros
697 3330 852 3404 exsulare
867 3331 1013 3423 videret,
1027 3336 1141 3434 ipsam
1155 3365 1244 3438 quo-

176 3452 365 3527 dammodo
388 3451 624 3527 arbitrabatur
650 3448 806 3526 exsulare
831 3453 1011 3547 virtutem,
1035 3463 1243 3559 «expulsis,

172 3579 304 3677 inquit,
329 3580 473 3676 insuper
501 3577 677 3676 sapientiae
706 3579 977 3676 professoribus,
1005 3594 1109 3682 atque
1138 3597 1240 3669 omni

172 3704 264 3779 bona
283 3715 355 3779 arte
373 3705 410 3778 in
429 3704 588 3778 exsilium
608 3712 699 3793 acta,
720 3726 762 3777 ne
780 3703 865 3800 quid
881 3730 1029 3804 usquam
1046 3712 1237 3792 honestum

171 3830 435 3903 occurreret¹.r
936 3852 938 3855 ’

217 3947 288 4022 Cur
314 3960 431 4022 autem
464 3948 501 4021 hi
527 3946 726 4045 philosophi
753 3970 771 4020 a
801 3946 997 4025 Domitiano
1027 3952 1170 4031 fuerunt
1195 3958 1235 4037 in
1336 3936 1340 3944 ⁸

205 4235 290 4298 ¹Tao.
310 4240 421 4314 Aeria,
435 4237 470 4297 al.
482 4242 510 4311 2.
