2970 5190
571 527 639 600 tlt

181 673 323 728 llaercmus
338 670 432 726 cuncti
447 671 577 740 Superis,
594 671 750 740 temploque
764 674 873 726 tacente

178 766 223 825 Nil
236 765 352 822 iacimus
366 779 420 821 non
434 770 533 836 sponte
546 767 608 838 Dei3
623 781 674 823 neo
686 767 804 826 vocibus
818 766 884 822 ullis

178 863 285 920 Numen
299 865 377 932 eget,
392 861 513 932 dixitque
527 862 613 918 semel
627 862 805 920 nascentibus
818 866 917 919 auctor

179 956 317 1027 Quidquid
331 957 402 1013 scire
416 956 490 1013 licet.
505 957 656 1014 sterilesne
671 957 753 1028 elegit
766 971 881 1032 arenas,

178 1055 214 1111 Ut
227 1058 338 1110 caneret
349 1054 460 1124 paucis,
474 1056 623 1125 mersitque
635 1055 688 1111 hoc
702 1055 814 1125 pulvere
826 1051 940 1112 verum?

177 1149 261 1204 Estne
275 1149 324 1204 Dei
338 1148 434 1218 sedes,
448 1148 502 1204 nisi
514 1153 604 1219 terra,
617 1152 646 1205 et
657 1153 772 1220 pontus,
788 1152 817 1205 ct
829 1163 889 1217 aer,

178 1247 213 1302 lit
224 1245 323 1303 coelum
337 1251 365 1303 et
377 1247 465 1303 virtus
475 1245 491 1302 ¹.

121 1433 235 1507 Deum
262 1456 373 1507 unum
402 1455 680 1531 supremumque
707 1434 812 1509 rebus
836 1434 1000 1508 humanis
1023 1432 1139 1530 praesi-

68 1553 153 1627 dere
181 1550 306 1640 credit,
328 1553 389 1649 qui
417 1564 563 1644 cuncta,
590 1566 629 1628 ut
660 1554 778 1628 stoicis
808 1553 940 1651 placet,
969 1553 1080 1649 gignit
1105 1562 1139 1625 et

69 1681 261 1770 temperat,
278 1672 325 1746 ita
341 1684 379 1745 ut
398 1673 494 1746 casui
510 1673 655 1764 cuilibet
669 1672 788 1747 nullus
807 1673 851 1746 sit
864 1672 980 1759 locus,
995 1681 1030 1744 et
1046 1693 1139 1766 quae·
1183 1709 1186 1715 ·

68 1816 213 1890 cunque
239 1791 468 1869 obversantur
485 1777 565 1869 ante
593 1795 732 1883 oculos,
751 1795 855 1868 etiam
875 1794 1007 1867 diversa
1030 1804 1063 1866 et
1080 1814 1137 1866 re-

67 1916 282 2017 pugnantia,
300 1917 390 1993 inter
408 1920 576 2023 sevincta
606 1931 640 1994 et
666 1941 820 1993 connexa
839 1929 1033 1993 teneantur.
1055 1917 1139 2002 Quae

68 2039 155 2114 cum
183 2040 229 2114 ita
259 2039 348 2132 sint,
377 2040 494 2115 sabula
527 2042 630 2116 debet
660 2042 815 2116 scientiae
846 2040 967 2115 cedere
998 2039 1137 2127 locum,

68 2174 175 2262 etque
191 2163 335 2238 historia
354 2165 489 2255 omniS,
507 2166 730 2264 philosophia
749 2157 857 2255 duee,
874 2163 1070 2239 renovanda
1087 2173 1139 2236 est
1222 2223 1224 2228 .

68 2296 104 2373 et
121 2287 159 2359 in
184 2286 311 2360 melius
329 2287 560 2361 immutanda.
578 2289 647 2362 Pro
665 2288 823 2377 Pallade,
841 2288 972 2375 Marte,
991 2287 1137 2381 aliisque

70 2408 278 2483 numinibus
297 2433 375 2508 quoe
401 2409 595 2500 Homerus,
611 2411 653 2484 ad
672 2434 746 2485 rem
765 2433 942 2508 quomque
961 2409 1138 2507 explican-

69 2533 170 2623 dam,
189 2534 277 2608 solet
301 2534 486 2624 inducere,
505 2535 681 2609 naturales
708 2536 879 2632 quasdam
898 2557 1042 2623 causas,
1061 2534 1137 2606 aliis

70 2681 109 2733 ex
126 2657 242 2732 causis
259 2658 471 2757 pendentes,
489 2669 524 2732 et
537 2659 626 2733 iacta
644 2659 744 2733 saetis
758 2658 834 2732 aliis
849 2668 1011 2753 generata
1030 2656 1136 2728 hebe-
1187 2641 1189 2645 ’

70 2799 168 2867 muS,
188 2799 266 2873 quae
289 2779 395 2852 homo
424 2778 607 2874 cogitando
635 2777 935 2875 comprehendere
965 2776 1044 2872 plns
1070 2775 1138 2846 mi-

39 2985 41 2989 <
71 2923 180 2974 nusve
193 2910 316 2998 potest.
331 2901 369 2974 Si
383 2901 469 2975 sorte
488 2902 686 2998 quaesiveris
700 2925 766 2975 cur
782 2901 880 2975 civile
896 2897 1029 2974 bellum
1044 2897 1137 2994 apud

70 3021 251 3096 Romanos
269 3033 427 3097 exortum
441 3023 545 3096 luerit
559 3034 593 3097 et
609 3023 756 3121 pristina
772 3033 904 3096 mutata
919 3021 1022 3096 luerit
1035 3020 1139 3094 disci·

69 3143 188 3240 plina,
206 3142 269 3217 tibi
294 3144 518 3242 respondebit
535 3145 721 3233 Lucanus,
740 3145 906 3219 omnibus
925 3144 1049 3218 mundi
1065 3143 1140 3240 opi-

69 3262 138 3338 bus
156 3263 307 3338 Romam
321 3265 451 3368 illatis,
469 3265 553 3340 binc
580 3266 798 3364 prodigiosas
822 3278 920 3340 natas
945 3288 1019 3340 esse
1038 3265 1139 3362 cupi-

72 3387 193 3477 dines,
227 3410 323 3483 quae,
354 3390 448 3464 velut
483 3390 795 3478 turbulentissimae
830 3400 1069 3487 tempestales,
1104 3389 1139 3460 in

71 3508 200 3585 urbem
220 3510 440 3587 debacchata
459 3513 621 3602 suerunt,
641 3522 675 3587 et
697 3524 848 3588 veterem
873 3520 1071 3588 everterunt
1092 3510 1140 3583 ci-

71 3628 189 3701 vitatis
207 3637 356 3724 statum3
376 3653 440 3705 nec
467 3631 502 3704 id
528 3631 649 3706 Romae
674 3632 806 3721 solum,
827 3640 861 3706 et
886 3630 945 3704 illo
969 3641 1139 3726 tempore,

112 3934 120 3968 ¹
132 3936 247 4011 Pinara,
262 3942 281 3999 l.
294 3907 345 4012 lx',
358 3957 383 3998 v.
397 3944 458 4000 573.

110 4033 232 4090 olllcttez
246 4034 387 4092 ensemble
399 4038 461 4091 tout
473 4049 504 4091 cc
514 4048 567 4105 que
582 4035 623 4091 les
636 4036 749 4092 anciens
761 4036 857 4106 podtcs
871 4038 919 4090 ont
930 4033 971 4090 dit
981 4033 1030 4090 des
1043 4033 1139 4104 Dieux,

71 4146 105 4190 ce
125 4136 196 4188 sont
212 4133 262 4190 des
284 4132 412 4190 discours
430 4131 567 4188 d'enianls
587 4147 621 4189 cn
642 4134 833 4203 comparaison
853 4132 886 4188 de
908 4145 940 4188 ce
959 4144 1087 4188 monceau
1106 4130 1142 4205 dev

70 4230 184 4286 lucain.
194 4248 206 4285 n
221 4229 379 4302 (Vouramr.
393 4235 468 4286 Dice.
478 4229 595 4302 philos,
609 4235 660 4286 art.
676 4219 808 4301 upopee.)
