2970 5190
627 530 699 604 tas

129 675 210 750 cilio
229 697 292 749 suo
306 674 480 772 praecipit,
496 684 536 748 ut
553 673 606 748 sui
621 672 711 773 juris
729 673 792 763 sit,
811 695 876 747 nec
890 672 1000 779 aliena
1019 682 1198 747 moveatur

127 800 194 875 sub
206 798 352 889 umbra,
369 821 522 895 eumque
536 797 610 872 vult
627 820 699 873 non
714 797 820 873 modo
839 798 979 873 turbam
997 798 1121 888 vitare,
1135 797 1196 872 sed

127 921 234 995 etiam
251 918 413 994 homines
432 918 645 994 clarissimos
674 940 838 993 recusare
861 918 968 992 duces
998 930 1032 991 et
1050 939 1196 992 manum

126 1045 308 1120 tendentes
336 1043 514 1142 repellere.
542 1044 628 1125 Inde
655 1043 804 1140 insignia
831 1043 906 1117 hoec
930 1043 1064 1118 verbe:
1096 1043 1196 1118 «Hoc

125 1165 218 1238 Zeno
237 1164 343 1238 dixitl
363 1163 416 1236 Tu
434 1163 542 1260 qnid?
562 1163 638 1238 Hoc
656 1163 861 1238 Cleanthes!
889 1164 942 1238 Tu
961 1163 1104 1260 quid‘t..
1123 1162 1196 1237 Ali·

126 1287 212 1384 quid
229 1287 365 1362 intersit
381 1286 474 1360 inter
491 1297 525 1360 te
543 1297 577 1361 et
595 1286 726 1360 librum
742 1287 804 1359 11»
839 1291 842 1298 ’
961 1315 964 1319 ’

110 1410 118 1439 ¹
174 1409 236 1484 llla
255 1409 298 1484 de
316 1409 448 1507 logicis.
464 1408 564 1494 Quod
581 1409 623 1483 ad
641 1409 784 1508 physica
803 1409 925 1484 attinet
940 1419 1044 1506 atque
1061 1409 1104 1482 ed
1118 1405 1197 1483 uni-

123 1554 304 1607 versarum
322 1532 479 1629 regimen
499 1555 637 1620 rerum,
662 1532 759 1606 hunc
783 1553 941 1623 versum,
962 1554 1067 1629 quem
1087 1533 1195 1606 mira-

124 1654 228 1729 batur
244 1653 458 1729 Leibnitzius
477 1654 627 1730 libenter
644 1655 873 1753 protulerim:

233 1861 324 1918 Cuivis
337 1863 429 1932 potest
443 1861 569 1919 occidere
583 1862 658 1933 quod
676 1863 804 1933 cuiquam
817 1866 926 1935 potest,

126 2048 162 2114 61
186 2038 272 2112 alios
300 2002 429 2134 quibus
460 2038 699 2115 inscrutabilis
729 2039 787 2113 illa
818 2050 852 2114 et
882 2036 1118 2113 ineluctabilis
1143 2038 1193 2110 vis

126 2160 205 2234 Fati
220 2159 355 2256 egregie
373 2157 599 2258 exprimitur:

267 2350 466 2410 Necessitatem
478 2312 565 2422 lerre,
579 2363 634 2408 non
648 2351 713 2408 dere
728 2350 853 2408 addecet.

267 2447 432 2555 Qessitati
446 2447 557 2518 sapiens
570 2447 637 2505 nihil
653 2461 773 2518 unquam
788 2457 878 2520 negat.

173 2623 223 2697 De
249 2623 407 2699 moribus
434 2636 624 2722 supersunt
648 2625 760 2701 multo
779 2625 896 2722 plura,
920 2625 1011 2699 inter
1027 2648 1105 2722 quac
1123 2625 1190 2700 hoc

126 2743 262 2818 dictum
282 2745 526 2836 animadverti,
553 2746 658 2820 veteri
684 2745 827 2842 quidem
856 2745 1038 2843 proverbio
1064 2769 1190 2843 parum

128 2879 420 2962 consentaneum,
437 2870 513 2961 sed,
531 2893 610 2946 meo
625 2870 775 2970 judicio,
794 2870 1087 2946 indubitandum:

211 3073 214 3077 ’
268 3072 366 3132 Arcum
382 3074 500 3132 intensio
514 3074 631 3146 trangit,
645 3073 764 3131 animum
778 3073 913 3130 remissio.

174 3251 275 3327 Hanc
290 3253 499 3326 sententiam
525 3274 599 3326 esse
623 3252 839 3327 verissimam
861 3277 1004 3329 mecum
1028 3255 1192 3330 fatebitur

127 3374 285 3470 quisquis
313 3396 434 3449 secum
463 3374 685 3472 reputaverit>
702 3385 802 3450 sen‘es
826 3398 865 3451 eo
889 3376 1027 3474 longius
1054 3377 1091 3451 in
1115 3378 1191 3450 vitae

50 3517 54 3526 ’
126 3499 305 3599 curriculo
324 3499 504 3596 progredi,
523 3521 592 3596 quo
612 3500 727 3574 acrius
745 3499 781 3573 in
806 3499 911 3574 rebus
935 3501 1095 3598 gerendis
1117 3524 1192 3575 ver-

124 3631 264 3712 santur;
285 3643 387 3708 nam,
413 3632 454 3696 ut
470 3622 622 3718 vulgaris
641 3621 827 3718 lisignis,
846 3645 951 3719 quem
969 3623 1081 3698 oeulis
1098 3623 1191 3697 vide-

125 3766 224 3832 muS,
241 3743 291 3818 sic
310 3743 409 3838 igneo
435 3743 485 3818 vis
516 3745 642 3835 animi,
662 3767 739 3841 quae
767 3766 889 3818 omnes
915 3755 1051 3818 nostros
1069 3767 1192 3820 sensns

124 3861 229 3951 latet,
247 3862 538 3938 eundocresce1¹e
556 3863 646 3938 solet
664 3872 698 3938 et
716 3864 916 3938 clarescere.
937 3864 973 3937 Si
992 3874 1110 3938 autem
1125 3865 1191 3938 du·

124 3983 214 4058 bites
231 3985 300 4059 tale
317 3985 385 4061 hoo
405 3985 547 4061 ellatum
577 4010 658 4062 cum
686 3988 878 4063 stoicorum
905 3988 1040 4086 placitis
1060 3988 1190 4085 aliquid

164 4251 331 4323 ’6166136
436 4265 438 4269 ¹
