2970 5190
614 512 685 585 tm

329 653 361 708 Ut
376 653 460 722 tupris
474 651 540 707 orba
554 652 661 721 gnatis,

328 746 418 805 Cursu
432 747 538 805 furente
554 748 655 805 lustrat

330 843 510 914 Gangeticum
526 858 639 900 nemus:
654 844 696 900 sie

329 938 459 992 Freaare
473 939 563 993 nereio
574 938 640 992 true

328 1034 440 1107 Medea,
451 1051 510 1091 uon
522 1050 636 1092 amores
644 1035 663 1091 ¹.

162 1173 230 1249 Hie
254 1172 327 1273 jam
350 1186 444 1250 totus
472 1177 580 1249 homo
605 1176 744 1273 elapsus
774 1185 844 1266 est,
869 1186 903 1251 et
927 1178 999 1253 sola
1023 1193 1182 1279 superest

112 1296 241 1372 bellua.
272 1297 342 1374 Ubi
369 1299 463 1373 enirn
489 1299 555 1373 sihi
581 1309 777 1396 temperare
801 1298 926 1396 aliquis
953 1301 1109 1393 desierit,
1134 1305 1180 1379 ibi

113 1419 280 1495 humanae
300 1421 401 1512 finis,
425 1421 589 1498 belluinae
614 1423 754 1496 initium
780 1423 867 1497 vitae.
902 1425 1021 1522 ltaque
1044 1427 1182 1529 Marcus

111 1543 267 1636 Tullius,
286 1570 396 1643 quum
411 1547 525 1622 Attico
543 1570 606 1622 suo
622 1548 828 1645 gratulatur,
846 1549 939 1645 quod
955 1549 1092 1645 gravius
1111 1574 1181 1627 non

112 1676 375 1741 commoveatur
400 1666 505 1741 rebus
534 1667 706 1754 adversis,
736 1668 804 1741 hoe
830 1668 880 1740 itti
910 1669 985 1766 ejus
1004 1670 1183 1768 adjudicat

110 1788 231 1864 virtuti
250 1812 357 1885 quam
371 1790 530 1864 nominat
547 1791 803 1865 humanitatem
816 1793 841 1865 2.

162 1908 260 2000 Idem
280 1907 322 1983 de
338 1908 443 1984 Atreo
459 1910 621 2002 dixerint,
639 1895 699 2007 qui
719 1910 979 2001 incredibilem,
1002 1934 1108 2009 quarn
1125 1937 1182 1987 ex-

111 2054 274 2130 promere
291 2031 439 2122 videtur‚
457 2033 543 2107 adeo
562 2057 633 2108 non
651 2034 822 2132 expromit
840 2033 948 2109 anirni
961 2036 1180 2125 firmitatem,

111 2162 152 2224 ut
181 2159 301 2226 eontra
320 2151 562 2250 -eupidinibus
597 2152 769 2244 vincatur,
801 2175 993 2252 earumque
1023 2157 1181 2255 rapiatur

109 2274 246 2371 impetu
261 2273 378 2371 potius
397 2297 503 2371 quarn
522 2275 714 2373 quidquam
732 2276 843 2374 rapiat
861 2302 868 2349 :

271 2445 384 2528 Fateor,
399 2444 534 2502 tumultus
547 2449 659 2515 pectora
672 2446 806 2503 attonitus
819 2446 922 2517 quatit,

269 2538 436 2608 Penitusque
451 2537 556 2595 voluto:
568 2542 684 2610 ruptor,
700 2544 728 2595 et
740 2552 809 2611 quo,
825 2540 934 2610 nescio,

273 2630 326 2688 Sed
343 2630 480 2703 rapiorss.

159 2770 238 2848 Non
271 2773 457 2850 hominum
489 2774 692 2871 dignitatern
713 2785 755 2849 et
787 2775 1046 2866 excellentiam,
1081 2799 1179 2852 more

108 2893 319 2983 stoicorum,
337 2893 481 2968 metitur
497 2894 642 2986 virtute;
661 2895 722 2968 sed
740 2917 816 2985 eos,
835 2918 903 2993 quo
920 2895 1050 2994 majora
1067 2896 1181 2970 admi·

106 3018 230 3088 'serum
246 3014 390 3103 seelera,
403 3035 443 3087 eo
462 3013 611 3112 maj0res
630 3013 842 3089 arbitratur:

215 3182 315 3244 Nescio
328 3183 394 3255 quid
408 3185 510 3255 majus,
523 3188 552 3240 et
567 3183 649 3240 solito
663 3185 793 3256 amplius,

214 3281 356 3351 Supraque
368 3280 438 3337 fines
450 3280 536 3336 moris
548 3280 659 3337 humani
675 3281 769 3351 timet,

214 3377 356 3446 instatque
371 3376 457 3447 pigris
470 3377 596 3433 manibus
610 3393 616 3429 :
633 3376 705 3433 haud
721 3376 786 3448 quid
799 3376 836 3434 sit
849 3376 924 3446 seio,

215 3471 268 3530 Sed
281 3472 384 3544 grande
397 3473 526 3544 quiddam
539 3471 607 3530 est⁴.
680 3545 682 3548 Α

157 3612 233 3690 Hoo
249 3616 312 3691 tibi
330 3617 502 3709 eoneedo,
518 3618 610 3693 dicet
626 3618 769 3693 sortasse
787 3616 972 3716 quispiam.
992 3618 1177 3718 Peraonae,

106 3763 194 3838 quas
210 3743 444 3834 nominavisti,
459 3743 567 3818 stoioa
580 3743 679 3841 quasi
689 3753 770 3816 nota
788 3764 1010 3838 nequaquam
1025 3741 1168 3838 signatae

146 3969 228 4030 'sen
244 3970 328 4046 Med,
340 3988 366 4030 v.
381 3977 443 4032 860.

145 4065 223 4126 'Cio
237 4072 279 4124 De
290 4071 364 4136 Sera,
379 4083 440 4141 cap.
455 4074 480 4126 t.

142 4160 230 4220 ³Sen.
248 4160 369 4234 Timet,
382 4177 408 4221 v.
423 4167 484 4223 aot.

142 4260 154 4299 ⁴
167 4259 263 4334 Idem,
275 4251 301 4319 r.
317 4267 380 4323 268,
